3367 5184
761 629 981 692 -42„.

311 828 448 890 quorum
459 806 522 870 duo
532 803 692 869 Nuceriae
702 812 734 868 et
744 805 876 891 Capuae
887 806 1033 870 celeriter
1043 805 1188 890 oppressi
1198 812 1286 885 sunt3
1305 807 1434 870 tertium

310 891 443 979 vaetti
454 915 569 998 equitis
581 915 749 978 cuiusdam
759 909 933 992 Romaui¹l
944 914 981 978 L.
993 913 1435 999 LiciniusLuculluspraetor
1515 992 1517 994 .

310 1024 453 1087 urbanus
476 1022 543 1086 sive
568 1022 629 1085 fuit
650 1023 840 1107 peregrinus
865 1029 1016 1107 quattuor
1035 1022 1164 1086 milibus
1186 1022 1329 1106 peditum
1354 1043 1435 1105 qua·

310 1131 489 1214 dringentis
505 1129 665 1213 equitibus
682 1132 800 1195 coactis
815 1131 998 1216 prostravit.
1022 1129 1138 1193 Nescio
1156 1151 1197 1193 an
1207 1129 1334 1192 Vettius
1350 1130 1435 1192 circa

311 1238 490 1301 Thurinam
510 1238 677 1320 regionem
697 1237 870 1302 Lucullum
895 1238 1137 1322 exspectaverit,
1162 1237 1248 1320 quod
1265 1237 1348 1321 apud
1367 1237 1433 1301 Ob-

311 1352 499 1431 sequentem
523 1345 577 1426 43,
605 1327 749 1410 1031100
773 1347 924 1430 legimus:
954 1367 995 1425 „a
1009 1345 1155 1428 fugitivis
1171 1356 1203 1407 et
1218 1345 1433 1409 desertoribus

310 1455 344 1518 in
368 1452 519 1516 Thurinis
543 1453 690 1537 regiones
706 1451 916 1534 vastatae.“2>
962 1451 1124 1516 Diodorus
1140 1474 1204 1536 quo
1220 1453 1290 1516 loco
1307 1452 1434 1516 Vettius

311 1567 416 1625 castra
448 1562 607 1644 posuisset
637 1582 701 1624 non
731 1561 875 1639 tradidit,
913 1561 969 1624 sed
992 1560 1132 1623 Thurios
1156 1581 1230 1622 eum
1253 1560 1433 1644 profectum

311 1690 381 1734 esse
398 1667 552 1752 suspicari
573 1666 658 1745 licet,
683 1667 769 1750 quod
785 1667 939 1731 Lucullus
964 1668 1139 1730 exercitum
1163 1665 1294 1750 Capuae
1318 1669 1433 1751 coegit,

311 1797 393 1860 quae
417 1775 494 1838 urbs
526 1775 566 1838 ad
593 1775 653 1837 hoc
677 1774 907 1858 perficiendum
933 1775 1100 1858 aptissima
1123 1781 1194 1837 erat
1215 1776 1316 1838 cuivis
1339 1796 1433 1859 prae·

311 1885 372 1947 tori
388 1882 536 1947 Romano
561 1882 616 1966 qui
640 1904 679 1945 ex
703 1883 782 1945 urbe
806 1883 923 1946 missus
945 1884 978 1944 in
995 1882 1174 1945 Lucaniam
1197 1883 1259 1945 iter
1281 1883 1432 1946 faciebat.

399 1989 569 2073 Pergimus
592 2011 677 2053 nunc
704 1990 744 2053 ad
769 1991 903 2053 alteram
920 1991 1141 2073 quaestionem
1158 1991 1198 2053 de
1213 1991 1431 2075 praetoribus:

310 2099 451 2182 primum
475 2098 636 2160 Licinium
652 2096 793 2160 Nervam
814 2105 996 2181 praetorem
1017 2098 1139 2161 bellum
1155 2098 1240 2182 quod
1257 2103 1432 2161 tractamus

311 2207 448 2289 gessisse
476 2206 680 2268 consentiunt
702 2205 867 2269 Diodorus
891 2212 923 2269 et
950 2206 1014 2270 Dio
1043 2205 1183 2285 Cassius,
1213 2227 1317 2289 neque
1345 2206 1433 2289 quis-

312 2334 409 2397 quam
432 2312 492 2376 hoc
515 2311 688 2390 dubitavit3
713 2312 768 2396 qui
791 2333 877 2376 anno
904 2314 967 2376 104
984 2315 1125 2378 Siciliam
1149 2313 1350 2398 provinciam
1375 2313 1432 2375 ad·-

311 2421 514 2498 ministravit,
546 2441 619 2483 cum
641 2425 749 2503 patres
774 2421 946 2505 conscripti
958 2420 1143 2484 Nicomedis
1168 2422 1253 2504 regis
1278 2421 1433 2503 rescripto

311 2528 449 2613 permoti
480 2547 744 2610 unumquemque
779 2548 919 2608 servum,
955 2529 1009 2612 qui
1042 2529 1119 2592 olim
1142 2528 1260 2590 libere
1281 2527 1434 2611 Bithynia

310 2637 344 2698 in
372 2635 510 2699 insulam
540 2634 688 2698 venditus
713 2642 809 2714 esset,
846 2637 880 2698 in
908 2637 1089 2699 libertatem
1118 2636 1283 2698 vindicare
1306 2635 1432 2718 praeci-

310 2748 441 2826 perent,
477 2763 539 2826 quo
565 2742 699 2805 celerius
723 2743 763 2805 ad
788 2744 1019 2826 gravissimum
1038 2744 1320 2828 periculosumque
1343 2740 1432 2806 Cim—

239 2845 240 2848 *
311 2852 435 2914 bricum
461 2850 579 2913 bellum
601 2851 759 2914 conscribi
775 2858 892 2934 posset.
931 2851 1055 2915 Licinio
1072 2851 1199 2914 Nervae
1216 2850 1252 2913 L.
1270 2848 1431 2914 Licinium

311 2957 483 3021 Lucullum
506 2958 698 3021 successisse
721 2958 866 3042 plerique
883 2959 944 3021 viri
966 2959 1051 3022 docti
1075 2957 1289 3034 consentiunt,
1313 2965 1434 3040 negant

311 3064 409 3128 Peter
430 3065 450 3127 l.
469 3087 495 3128 c.
513 3087 543 3149 p.
563 3067 615 3146 77,
641 3065 758 3150 Zumpt
782 3088 812 3150 p.
834 3067 906 3147 105,
932 3066 1094 3130 Gensicke
1116 3088 1146 3150 p.
1168 3067 1218 3147 15,
1243 3066 1298 3150 qui
1322 3072 1431 3128 tamen

312 3173 406 3236 certis
423 3174 621 3254 argumentis
638 3175 821 3257 opinionem
838 3176 1048 3258 comprobare
1065 3175 1255 3252 omiserunt3
1279 3195 1319 3236 ex
1337 3174 1433 3236 unius

311 3281 399 3345 lllori
421 3283 530 3346 verbis
554 3282 617 3345 his:
661 3289 774 3366 „capta
798 3282 914 3346 Servili
938 3288 1043 3346 castra
1068 3288 1162 3366 capta
1184 3281 1331 3344 Luculli“
1357 3280 1432 3343 Ser·

216 3426 217 3429 =
310 3390 423 3453 vilium
440 3396 514 3452 ante
531 3388 702 3454 Lucullum
718 3391 751 3452 10
769 3389 879 3452 Sicilia
890 3390 1012 3454 bellum
1024 3390 1162 3473 gessisse
1175 3387 1431 3452 concludendum

312 3519 381 3560 esse
414 3502 623 3581 putaverunt,
672 3519 775 3584 neque
806 3519 883 3562 vero
913 3499 994 3562 haec
1027 3520 1078 3561 res
1112 3504 1224 3561 contra
1250 3496 1431 3559 Diodorum

311 3605 418 3668 afferri
454 3611 572 3688 potest,
613 3607 667 3688 qui
701 3607 790 3690 prius
825 3605 997 3669 Lucullum
1032 3606 1218 3689 provinciae
1253 3603 1431 3688 praefuisse

311 3731 316 3736 1
326 3731 524 3738 .——....-——-

404 3801 428 3866 l)
448 3799 490 3855 De
520 3799 642 3854 veritate
672 3799 798 3854 nominis
827 3799 859 3854 T.
874 3798 961 3863 Vetti.
981 3815 1158 3869 quamquam
1187 3798 1267 3869 apud
1295 3797 1431 3858 Photium

312 3891 388 3950 Τίτος
398 3891 548 3950 Messalam
558 3888 675 3956 legitur,
685 3887 815 3961 dubitari
825 3903 883 3944 uon
894 3904 979 3958 posse
989 3891 1068 3944 recte
1078 3889 1223 3945 intellexit
1230 3889 1291 3944 Car.
1299 3887 1432 3954 Muelle1·;

312 3993 379 4033 nam
403 3978 505 4032 Graeci
526 3979 666 4040 Μινούκιος
688 3992 740 4046 pro
759 3976 895 4045 Minucio,
918 3995 1067 4049 nunquam
1087 3981 1224 4042 10νο00ος
1243 3979 1383 4034 scribunt.
1398 4008 1430 4014 —

312 4068 353 4122 De
374 4067 453 4123 Vetti
472 4070 579 4122 conatu
608 4067 740 4122 conteras
769 4067 860 4122 Kurt
888 4067 1049 4138 Breysig:
1081 4068 1360 4137 Kulturgeschichte
1379 4067 1433 4122 der

312 4157 441 4222 Neuzeit,
462 4158 495 4225 ll,
518 4162 539 4211 1.
579 4157 706 4218 Beroliui
727 4159 803 4211 1901.
841 4174 868 4226 p.
882 4158 935 4212 406
946 4174 987 4228 sq.

402 4247 430 4312 2)
451 4247 640 4316 Oudendorp3
662 4247 723 4302 cod.
738 4247 896 4316 Tigurinis.
