3367 5184
775 638 1085 697 -rr-.

325 833 456 875 causam
486 814 603 876 erroris
633 813 792 896 explicare
819 814 1041 891 intenderunt3
1081 814 1177 896 quid?
1207 822 1357 896 quattuor
1382 837 1444 877 rina

325 922 488 984 lenissima
512 920 694 982 coniectura
718 919 924 982 difficultates
948 921 1131 985 submoveri
1155 941 1249 1003 posse
1276 930 1444 1004 putamus:
1519 920 1524 931 '

325 1029 478 1112 agedum,
514 1029 540 1090 si
564 1047 627 1090 non
652 1026 740 1090 Flori
763 1027 817 1089 sed
842 1028 942 1110 ipsius
965 1027 1039 1090 Livi
1061 1028 1161 1090 verba
1184 1036 1276 1091 eraut
1301 1050 1340 1108 „a
1364 1028 1444 1112 Syr-o

325 1137 447 1198 reditur
463 1135 503 1197 ad
522 1133 688 1214 Cilicem“,
713 1135 797 1218 apud
814 1135 905 1196 illum
922 1135 1067 1198 Salvium
1084 1136 1294 1198 subaudimus
1312 1137 1444 1218 Syrum,

324 1264 399 1304 nam
428 1242 473 1304 ita
501 1243 555 1326 qui
585 1243 694 1317 sentit,
731 1263 788 1304 cnr
812 1242 983 1304 Servilium
1006 1258 1189 1325 praetorem
1213 1264 1277 1306 non
1301 1243 1440 1306 Nervam

327 1349 439 1413 riorus
465 1350 646 1427 nominarit,
671 1350 735 1412 iam
759 1349 926 1431 intellegit,
951 1371 1025 1413 oum
1042 1351 1177 1413 Servilio
1203 1351 1344 1414 Siciliam
1369 1373 1443 1435 pro·

325 1457 463 1520 vinciam
491 1458 693 1540 gubernante
722 1457 848 1521 Salvius
875 1457 1005 1542 Trypho
1034 1467 1178 1522 mortuus
1210 1460 1251 1522 sit
1278 1468 1318 1537 et,
1347 1481 1441 1541 quem

325 1573 454 1649 propter
483 1565 695 1628 diffidentiam
736 1567 945 1644 custodierat,
985 1567 1125 1630 Athenio
1165 1567 1334 1651 imperium
1375 1588 1443 1628 ser-

323 1694 437 1736 vornm
462 1673 635 1756 acceperit3
664 1675 709 1735 sic
734 1673 819 1736 enim
836 1673 1000 1736 Diodorus
1024 1675 1077 1752 36,
1095 1679 1126 1753 9,
1146 1678 1177 1737 l:
1202 1675 1443 1758 τελευτήσαντος

324 1778 357 1843 δὲ
381 1778 548 1865 Τρύφωνος
576 1780 719 1865 διάδοχος
745 1792 800 1866 τῆς
828 1780 927 1867 ἀρχῆς
950 1779 967 1842 ὁ
991 1777 1149 1866 Ἀθηνίων
1177 1779 1366 1845 καθίσταται
1389 1785 1442 1844 καὶ

226 1882 230 1888 ’
323 1897 414 1952 τοῦτο
439 1890 492 1972 μὲν
516 1888 620 1964 πόλεις
643 1889 816 1974 ἐπολιόρκει
838 1899 930 1952 τοῦτο
954 1891 987 1953 δὲ
1011 1899 1114 1953 πᾶσαν
1136 1900 1192 1972 τῆν
1215 1888 1320 1973 χώραν
1344 1890 1442 1964 ἀδεῶς
1475 1891 1479 1901 ’

323 1991 491 2078 κατέτρεχε
522 1997 576 2058 καί
608 1995 734 2060 πολλῶν
766 1996 925 2079 ἐκυρίευσε
957 2007 1012 2060 τοῦ
1044 1987 1202 2080 Σεροιλίου
1235 1997 1329 2079 μηδὲν
1361 1998 1442 2059 ἀντι-

324 2104 518 2187 πράττοντος.
566 2102 657 2174 Quae
673 2105 700 2165 si
717 2104 761 2165 ita
777 2110 861 2183 sunt,
881 2103 961 2167 duos
977 2105 1100 2187 priores
1117 2104 1193 2166 belli
1209 2125 1310 2166 annos
1326 2104 1442 2167 Florus

324 2210 439 2288 omisit,
465 2231 482 2272 e
498 2211 591 2272 tertio
609 2210 739 2307 demum
756 2213 879 2294 occepit
895 2211 1025 2274 Livium
1041 2211 1222 2274 exscribere
1240 2233 1303 2273 non
1320 2211 1442 2273 maiore

324 2338 362 2380 ea
385 2317 551 2400 diligentia
572 2338 646 2400 qua,
671 2338 744 2380 cum
760 2318 800 2380 de
815 2319 922 2402 priore
939 2319 1023 2381 bello
1040 2339 1221 2403 ageremus,
1243 2318 1323 2381 duos
1341 2339 1442 2382 annos

326 2423 419 2487 Fulvi
449 2430 481 2486 et
514 2422 641 2487 Pisonis
677 2425 717 2486 ab
750 2446 788 2488 eo
821 2425 985 2508 neglectos
1017 2447 1087 2488 esse
1119 2425 1267 2489 vidimus.
1315 2426 1442 2489 Luculli

324 2531 406 2594 cladi
433 2531 570 2594 similem
601 2533 716 2595 Servili
745 2533 845 2595 fuisse
874 2534 959 2617 apud
986 2533 1115 2596 Livium
1143 2535 1298 2618 repperit,
1335 2556 1442 2618 aquo

325 2641 383 2702 hoe
408 2661 535 2723 quoque
560 2640 686 2723 petivit,
722 2641 882 2724 quomodo
912 2641 1051 2704 Athenio
1076 2663 1186 2726 regem
1210 2664 1244 2704 se
1269 2644 1441 2713 ornaverit

323 2748 430 2830 itaque
458 2747 498 2809 de
526 2747 580 2809 illo
609 2749 769 2832 mancipio
793 2747 922 2811 Livium
950 2770 1015 2811 non
1039 2756 1254 2834 anteaquam
1279 2753 1311 2813 in
1334 2751 1441 2813 locum

323 2855 413 2917 Salvi
436 2855 589 2918 successit
611 2855 793 2918 narravisse
818 2856 974 2939 suspicari
996 2857 1080 2925 lieet.

411 2961 531 3025 Fontes
547 2961 618 3024 Livi
637 2963 708 3045 quis
725 2961 858 3025 definire
875 2963 1025 3027 audebit?
1061 2964 1269 3029 Posidonium
1286 2967 1381 3028 etiam
1401 2967 1440 3027 nd

323 3071 460 3133 alterum
472 3069 852 3134 tumultumSiciliensem
865 3070 1111 3135 describendum
1126 3073 1165 3136 ab
1182 3093 1220 3135 eo
1233 3074 1439 3157 compilatum

324 3198 394 3241 esse
407 3182 538 3261 propter
552 3177 640 3241 Flori
656 3179 845 3242 brevitatem
859 3201 923 3243 non
937 3181 1013 3243 satis
1023 3187 1164 3258 constat3
1180 3182 1270 3244 ouius
1282 3181 1441 3244 narratio-

325 3306 396 3348 nem
408 3287 438 3364 2,
450 3286 480 3364 7,
493 3287 606 3349 9-10
617 3287 672 3369 qui
686 3308 759 3350 cum
769 3285 905 3351 Diodori
913 3289 1020 3352 verbis
1030 3290 1084 3367 36,
1095 3288 1127 3367 5,
1140 3291 1335 3372 ‘lcomparat
1348 3288 1439 3351 Posi·

323 3392 1441 3479 ‹loniumapudLiviumlieetsubaudiat,equidemtamdebiliiufunda-

323 3508 430 3563 mento
447 3499 648 3563 coniecturas
663 3521 783 3584 ponere
799 3522 927 3580 vereor3
959 3502 1014 3563 sed
1032 3503 1085 3564 ubi
1108 3502 1147 3564 de
1168 3503 1254 3564 exitu
1275 3524 1440 3566 servorum

324 3609 465 3671 narravit
473 3603 509 3686 ¹),
522 3606 676 3671 Posidoni
686 3609 791 3691 potius
804 3611 994 3672 auctoritate
1005 3630 1101 3692 quam
1113 3610 1244 3673 alterius
1254 3611 1352 3674 fontis
1363 3610 1442 3673 Dio-

323 3715 392 3777 ‹lori
403 3713 533 3777 Livium
546 3714 668 3778 moveri
681 3715 782 3794 dicas;
796 3723 939 3780 ceterum
949 3717 1129 3801 complures
1140 3739 1248 3780 rerum
1259 3718 1440 3802 scriptores,

325 3827 357 3883 ut
372 3822 561 3904 plerumque
579 3823 749 3885 materiam
764 3821 857 3886 Livio
874 3824 1061 3908 praebuisse
1078 3825 1257 3888 coniciendi
1273 3825 1365 3908 copia
1381 3835 1437 3888 est.

412 4015 502 4078 Unus
526 4017 668 4100 reliquus
693 4025 741 4082 est
764 4019 803 4082 de
828 4040 891 4103 quo
915 4041 1050 4103 agamus
1071 4020 1134 4083 Dio
1156 4019 1305 4099 Cassius,
1343 4043 1438 4104 quem

322 4113 530 4122 -—-——..-.-.

415 4158 440 4218 l)
461 4157 533 4212 Flor.
548 4160 573 4226 2,
593 4161 617 4224 7,
638 4161 795 4212 11—1a=
815 4158 898 4214 Diod.
912 4161 955 4226 36,
978 4162 1018 4226 10,
1038 4162 1108 4214 ‘2-3
1128 4177 1185 4229 quo
1204 4161 1268 4217 loco
1287 4166 1439 4232 excerptor

322 4247 445 4302 alteram
458 4248 654 4302 narrationem
668 4249 804 4316 servavit,
819 4248 957 4304 Posidoni
971 4248 1057 4304 modo
1065 4251 1248 4318 perstrinxit:
1263 4251 1320 4307 vid.
1329 4256 1440 4320 pagus.
