<?xml version="1.0" encoding="UTF-8"?>
<!DOCTYPE html PUBLIC "-//W3C//DTD XHTML 1.0 Transitional//EN"
    "http://www.w3.org/TR/xhtml1/DTD/xhtml1-transitional.dtd">
<html xmlns="http://www.w3.org/1999/xhtml" xml:lang="en" lang="en">
 <head>
  <title>
</title>
<meta http-equiv="Content-Type" content="text/html;charset=utf-8" />
  <meta name='ocr-system' content='tesseract 3.04.00' />
  <meta name='ocr-capabilities' content='ocr_page ocr_carea ocr_par ocr_line ocrx_word'/>
</head>
<body>
  <div class='ocr_page' id='page_1' title='image "./deromanorvmbell00rathgoog_0079.png"; bbox 0 0 3367 5184; ppageno 0'>
   <div class='ocr_carea' id='block_1_1' title="bbox 698 667 919 729">
    <p class='ocr_par' dir='ltr' id='par_1_1' title="bbox 698 667 919 729">
     <span class='ocr_line' id='line_1_1' title="bbox 698 667 919 729; baseline 0 -19"><span class='ocrx_word' id='word_1_1' title='bbox 698 667 919 729; x_wconf 72' lang='lat'><strong>..73-</strong></span> 
     </span>
    </p>
   </div>
   <div class='ocr_carea' id='block_1_2' title="bbox 240 843 1447 3610">
    <p class='ocr_par' dir='ltr' id='par_1_2' title="bbox 240 843 1447 3610">
     <span class='ocr_line' id='line_1_2' title="bbox 241 843 1369 928; baseline -0.002 -18"><span class='ocrx_word' id='word_1_2' title='bbox 241 845 479 926; x_wconf 74' lang='lat' dir='ltr'><strong>n.h.15,125</strong></span> <span class='ocrx_word' id='word_1_3' title='bbox 504 843 652 928; x_wconf 82' lang='lat' dir='ltr'><strong>legimus,</strong></span> <span class='ocrx_word' id='word_1_4' title='bbox 676 843 925 928; x_wconf 81' lang='lat' dir='ltr'><strong>quihlasurium</strong></span> <span class='ocrx_word' id='word_1_5' title='bbox 950 844 1105 908; x_wconf 85' lang='lat' dir='ltr'><strong>Sabinum</strong></span> <span class='ocrx_word' id='word_1_6' title='bbox 1130 849 1259 910; x_wconf 88' lang='lat' dir='ltr'><strong>secutus</strong></span> <span class='ocrx_word' id='word_1_7' title='bbox 1283 844 1369 923; x_wconf 72' lang='lat' dir='ltr'><strong>estl)</strong></span> 
     </span>
     <span class='ocr_line' id='line_1_3' title="bbox 240 951 1369 1036; baseline 0.001 -21"><span class='ocrx_word' id='word_1_8' title='bbox 240 952 350 1024; x_wconf 81' lang='lat' dir='ltr'><strong>Quam</strong></span> <span class='ocrx_word' id='word_1_9' title='bbox 359 951 400 1015; x_wconf 92' lang='lat' dir='ltr'><strong>oh</strong></span> <span class='ocrx_word' id='word_1_10' title='bbox 409 972 479 1014; x_wconf 88' lang='lat' dir='ltr'><strong>rem</strong></span> <span class='ocrx_word' id='word_1_11' title='bbox 488 951 528 1014; x_wconf 88' lang='lat' dir='ltr'><strong>ad</strong></span> <span class='ocrx_word' id='word_1_12' title='bbox 537 957 639 1014; x_wconf 92' lang='lat' dir='ltr'><strong>totum</strong></span> <span class='ocrx_word' id='word_1_13' title='bbox 648 951 821 1014; x_wconf 89' lang='lat' dir='ltr'><strong>tumultum</strong></span> <span class='ocrx_word' id='word_1_14' title='bbox 833 971 999 1014; x_wconf 85' lang='lat' dir='ltr'><strong>serrorum</strong></span> <span class='ocrx_word' id='word_1_15' title='bbox 1012 951 1238 1036; x_wconf 84' lang='lat' dir='ltr'><strong>explicandum</strong></span> <span class='ocrx_word' id='word_1_16' title='bbox 1246 951 1369 1016; x_wconf 88' lang='lat' dir='ltr'><strong>Varro-</strong></span> 
     </span>
     <span class='ocr_line' id='line_1_4' title="bbox 242 1056 1367 1144; baseline -0.004 -18"><span class='ocrx_word' id='word_1_17' title='bbox 242 1061 294 1126; x_wconf 85' lang='lat' dir='ltr'><strong>nis</strong></span> <span class='ocrx_word' id='word_1_18' title='bbox 316 1059 417 1123; x_wconf 88' lang='lat' dir='ltr'><strong>libros</strong></span> <span class='ocrx_word' id='word_1_19' title='bbox 441 1080 505 1122; x_wconf 92' lang='lat' dir='ltr'><strong>non</strong></span> <span class='ocrx_word' id='word_1_20' title='bbox 531 1057 726 1122; x_wconf 80' lang='lat' dir='ltr'><strong>mediocrem</strong></span> <span class='ocrx_word' id='word_1_21' title='bbox 750 1058 873 1121; x_wconf 84' lang='lat' dir='ltr'><strong>fontem</strong></span> <span class='ocrx_word' id='word_1_22' title='bbox 891 1056 1023 1121; x_wconf 78' lang='lat' dir='ltr'>Sallusti</span> <span class='ocrx_word' id='word_1_23' title='bbox 1040 1057 1139 1122; x_wconf 84' lang='lat' dir='ltr'><strong>luisse</strong></span> <span class='ocrx_word' id='word_1_24' title='bbox 1156 1061 1367 1144; x_wconf 89' lang='lat' dir='ltr'><strong>suspicamur.</strong></span> 
     </span>
     <span class='ocr_line' id='line_1_5' title="bbox 245 1158 1369 1252; baseline 0.001 -23"><span class='ocrx_word' id='word_1_25' title='bbox 245 1199 247 1206; x_wconf 48' lang='lat'><strong>⁴</strong></span> <span class='ocrx_word' id='word_1_26' title='bbox 331 1166 438 1230; x_wconf 79' lang='lat' dir='ltr'><strong>Aliter</strong></span> <span class='ocrx_word' id='word_1_27' title='bbox 461 1187 514 1229; x_wconf 86' lang='lat' dir='ltr'><strong>res</strong></span> <span class='ocrx_word' id='word_1_28' title='bbox 538 1186 572 1228; x_wconf 91' lang='lat' dir='ltr'><strong>se</strong></span> <span class='ocrx_word' id='word_1_29' title='bbox 596 1165 695 1228; x_wconf 91' lang='lat' dir='ltr'><strong>habet</strong></span> <span class='ocrx_word' id='word_1_30' title='bbox 718 1185 792 1228; x_wconf 85' lang='lat' dir='ltr'><strong>cunr</strong></span> <span class='ocrx_word' id='word_1_31' title='bbox 817 1163 854 1228; x_wconf 83' lang='grc' dir='ltr'><strong>Ο.</strong></span> <span class='ocrx_word' id='word_1_32' title='bbox 870 1163 996 1228; x_wconf 91' lang='lat' dir='ltr'><strong>Licinio</strong></span> <span class='ocrx_word' id='word_1_33' title='bbox 1020 1164 1180 1247; x_wconf 80' lang='lat' dir='ltr'><strong>n&#39;aor02);</strong></span> <span class='ocrx_word' id='word_1_34' title='bbox 1216 1167 1271 1252; x_wconf 93' lang='lat' dir='ltr'><strong>qui</strong></span> <span class='ocrx_word' id='word_1_35' title='bbox 1295 1158 1369 1230; x_wconf 88' lang='lat' dir='ltr'><strong>curn</strong></span> 
     </span>
     <span class='ocr_line' id='line_1_6' title="bbox 240 1271 1369 1357; baseline -0.001 -19"><span class='ocrx_word' id='word_1_36' title='bbox 240 1295 329 1338; x_wconf 85' lang='lat' dir='ltr'><strong>anno</strong></span> <span class='ocrx_word' id='word_1_37' title='bbox 355 1271 397 1337; x_wconf 87' lang='grc'><strong>66</strong></span> <span class='ocrx_word' id='word_1_38' title='bbox 421 1293 608 1357; x_wconf 89' lang='lat' dir='ltr'><strong>supremum</strong></span> <span class='ocrx_word' id='word_1_39' title='bbox 633 1272 718 1335; x_wconf 89' lang='lat' dir='ltr'><strong>diem</strong></span> <span class='ocrx_word' id='word_1_40' title='bbox 743 1272 873 1351; x_wconf 88' lang='lat' dir='ltr'><strong>obisset,</strong></span> <span class='ocrx_word' id='word_1_41' title='bbox 910 1278 942 1334; x_wconf 93' lang='lat' dir='ltr'><strong>et</strong></span> <span class='ocrx_word' id='word_1_42' title='bbox 966 1272 1127 1336; x_wconf 85' lang='lat' dir='ltr'><strong>orationes</strong></span> <span class='ocrx_word' id='word_1_43' title='bbox 1150 1280 1183 1337; x_wconf 90' lang='lat' dir='ltr'><strong>et</strong></span> <span class='ocrx_word' id='word_1_44' title='bbox 1206 1273 1369 1352; x_wconf 76' lang='lat' dir='ltr'><strong>historiae,</strong></span> 
     </span>
     <span class='ocr_line' id='line_1_7' title="bbox 244 1377 1371 1466; baseline -0.001 -21"><span class='ocrx_word' id='word_1_45' title='bbox 244 1403 325 1466; x_wconf 91' lang='lat' dir='ltr'><strong>quas</strong></span> <span class='ocrx_word' id='word_1_46' title='bbox 360 1378 527 1444; x_wconf 76' lang='lat' dir='ltr'><strong>Ciceronis</strong></span> <span class='ocrx_word' id='word_1_47' title='bbox 560 1385 592 1442; x_wconf 90' lang='lat' dir='ltr'><strong>et</strong></span> <span class='ocrx_word' id='word_1_48' title='bbox 625 1378 698 1442; x_wconf 90' lang='lat' dir='ltr'><strong>Livi</strong></span> <span class='ocrx_word' id='word_1_49' title='bbox 733 1385 765 1442; x_wconf 86' lang='lat' dir='ltr'><strong>et</strong></span> <span class='ocrx_word' id='word_1_50' title='bbox 799 1377 885 1442; x_wconf 88' lang='lat' dir='ltr'><strong>Plini</strong></span> <span class='ocrx_word' id='word_1_51' title='bbox 920 1380 1118 1463; x_wconf 82' lang='lat' dir='ltr'><strong>temporibus</strong></span> <span class='ocrx_word' id='word_1_52' title='bbox 1153 1381 1186 1444; x_wconf 92' lang='lat' dir='ltr'><strong>in</strong></span> <span class='ocrx_word' id='word_1_53' title='bbox 1220 1381 1371 1445; x_wconf 89' lang='lat' dir='ltr'><strong>manibus</strong></span> 
     </span>
     <span class='ocr_line' id='line_1_8' title="bbox 243 1486 1370 1572; baseline -0.001 -21"><span class='ocrx_word' id='word_1_54' title='bbox 243 1488 420 1552; x_wconf 89' lang='lat' dir='ltr'><strong>multorum</strong></span> <span class='ocrx_word' id='word_1_55' title='bbox 453 1487 553 1550; x_wconf 82' lang='lat' dir='ltr'><strong>luisse</strong></span> <span class='ocrx_word' id='word_1_56' title='bbox 586 1487 719 1566; x_wconf 91' lang='lat' dir='ltr'><strong>scimus,</strong></span> <span class='ocrx_word' id='word_1_57' title='bbox 758 1486 789 1548; x_wconf 93' lang='lat' dir='ltr'><strong>ei</strong></span> <span class='ocrx_word' id='word_1_58' title='bbox 824 1486 1085 1571; x_wconf 79' lang='lat' dir='ltr'><strong>supervixerunt3</strong></span> <span class='ocrx_word' id='word_1_59' title='bbox 1125 1487 1211 1572; x_wconf 91' lang='lat' dir='ltr'><strong>quod</strong></span> <span class='ocrx_word' id='word_1_60' title='bbox 1234 1487 1274 1550; x_wconf 88' lang='lat' dir='ltr'><strong>ad</strong></span> <span class='ocrx_word' id='word_1_61' title='bbox 1299 1487 1370 1551; x_wconf 91' lang='lat' dir='ltr'><strong>illas</strong></span> 
     </span>
     <span class='ocr_line' id='line_1_9' title="bbox 240 1594 1371 1678; baseline -0.003 -19"><span class='ocrx_word' id='word_1_62' title='bbox 240 1595 376 1676; x_wconf 76' lang='lat' dir='ltr'><strong>attinet,</strong></span> <span class='ocrx_word' id='word_1_63' title='bbox 410 1594 613 1674; x_wconf 76' lang='lat' dir='ltr'><strong>Sallustium,</strong></span> <span class='ocrx_word' id='word_1_64' title='bbox 654 1594 737 1657; x_wconf 91' lang='lat' dir='ltr'><strong>sicut</strong></span> <span class='ocrx_word' id='word_1_65' title='bbox 760 1614 858 1678; x_wconf 84' lang='lat' dir='ltr'><strong>saepe</strong></span> <span class='ocrx_word' id='word_1_66' title='bbox 882 1594 1057 1674; x_wconf 90' lang='lat' dir='ltr'><strong>orationes,</strong></span> <span class='ocrx_word' id='word_1_67' title='bbox 1096 1615 1177 1677; x_wconf 88' lang='lat' dir='ltr'><strong>quas</strong></span> <span class='ocrx_word' id='word_1_68' title='bbox 1200 1594 1371 1658; x_wconf 80' lang='lat' dir='ltr'><strong>clarissimi</strong></span> 
     </span>
     <span class='ocr_line' id='line_1_10' title="bbox 244 1700 1371 1785; baseline -0.001 -19"><span class='ocrx_word' id='word_1_69' title='bbox 244 1702 307 1766; x_wconf 82' lang='lat' dir='ltr'><strong>viri</strong></span> <span class='ocrx_word' id='word_1_70' title='bbox 331 1702 371 1765; x_wconf 91' lang='lat' dir='ltr'><strong>ad</strong></span> <span class='ocrx_word' id='word_1_71' title='bbox 395 1711 543 1766; x_wconf 88' lang='lat' dir='ltr'><strong>senatum</strong></span> <span class='ocrx_word' id='word_1_72' title='bbox 568 1707 600 1765; x_wconf 88' lang='lat' dir='ltr'><strong>et</strong></span> <span class='ocrx_word' id='word_1_73' title='bbox 623 1701 663 1764; x_wconf 87' lang='lat' dir='ltr'><strong>ad</strong></span> <span class='ocrx_word' id='word_1_74' title='bbox 688 1701 844 1785; x_wconf 92' lang='lat' dir='ltr'><strong>populum</strong></span> <span class='ocrx_word' id='word_1_75' title='bbox 869 1700 1098 1780; x_wconf 90' lang='lat' dir='ltr'><strong>adhibuerant,</strong></span> <span class='ocrx_word' id='word_1_76' title='bbox 1130 1707 1265 1765; x_wconf 87' lang='lat' dir='ltr'><strong>novatas</strong></span> <span class='ocrx_word' id='word_1_77' title='bbox 1289 1701 1371 1765; x_wconf 90' lang='lat' dir='ltr'><strong>suis-</strong></span> 
     </span>
     <span class='ocr_line' id='line_1_11' title="bbox 241 1807 1370 1894; baseline 0 -22"><span class='ocrx_word' id='word_1_78' title='bbox 241 1831 309 1894; x_wconf 87' lang='lat' dir='ltr'><strong>que</strong></span> <span class='ocrx_word' id='word_1_79' title='bbox 333 1815 505 1873; x_wconf 82' lang='lat' dir='ltr'><strong>exornatas</strong></span> <span class='ocrx_word' id='word_1_80' title='bbox 528 1809 670 1872; x_wconf 87' lang='lat' dir='ltr'><strong>flosculis</strong></span> <span class='ocrx_word' id='word_1_81' title='bbox 693 1809 782 1870; x_wconf 89' lang='lat' dir='ltr'><strong>libris</strong></span> <span class='ocrx_word' id='word_1_82' title='bbox 806 1807 953 1887; x_wconf 89' lang='lat' dir='ltr'><strong>inseruit,</strong></span> <span class='ocrx_word' id='word_1_83' title='bbox 977 1808 1161 1870; x_wconf 88' lang='lat' dir='ltr'><strong>etiameam</strong></span> <span class='ocrx_word' id='word_1_84' title='bbox 1177 1809 1370 1887; x_wconf 85' lang='lat' dir='ltr'><strong>contionem,</strong></span> 
     </span>
     <span class='ocr_line' id='line_1_12' title="bbox 241 1913 1371 2002; baseline -0.001 -22"><span class='ocrx_word' id='word_1_85' title='bbox 241 1938 344 2002; x_wconf 85' lang='lat' dir='ltr'><strong>quam</strong></span> <span class='ocrx_word' id='word_1_86' title='bbox 366 1917 460 1980; x_wconf 88' lang='lat' dir='ltr'><strong>tertio</strong></span> <span class='ocrx_word' id='word_1_87' title='bbox 485 1916 692 1980; x_wconf 83' lang='lat' dir='ltr'><strong>historiarum</strong></span> <span class='ocrx_word' id='word_1_88' title='bbox 716 1915 798 1978; x_wconf 92' lang='lat' dir='ltr'><strong>libro</strong></span> <span class='ocrx_word' id='word_1_89' title='bbox 823 1913 984 1977; x_wconf 86' lang='lat' dir='ltr'><strong>Licinium</strong></span> <span class='ocrx_word' id='word_1_90' title='bbox 1007 1913 1154 1977; x_wconf 90' lang='lat' dir='ltr'><strong>Macrum</strong></span> <span class='ocrx_word' id='word_1_91' title='bbox 1178 1915 1219 1978; x_wconf 91' lang='lat' dir='ltr'><strong>ad</strong></span> <span class='ocrx_word' id='word_1_92' title='bbox 1242 1915 1371 1999; x_wconf 83' lang='lat' dir='ltr'><strong>plebem</strong></span> 
     </span>
     <span class='ocr_line' id='line_1_13' title="bbox 245 2020 1371 2107; baseline -0.003 -19"><span class='ocrx_word' id='word_1_93' title='bbox 245 2024 420 2088; x_wconf 81' lang='lat' dir='ltr'><strong>habentem</strong></span> <span class='ocrx_word' id='word_1_94' title='bbox 444 2023 532 2104; x_wconf 82' lang='lat' dir='ltr'><strong>facit,</strong></span> <span class='ocrx_word' id='word_1_95' title='bbox 557 2023 597 2086; x_wconf 87' lang='lat' dir='ltr'><strong>nd</strong></span> <span class='ocrx_word' id='word_1_96' title='bbox 622 2022 722 2107; x_wconf 91' lang='lat' dir='ltr'><strong>ipsius</strong></span> <span class='ocrx_word' id='word_1_97' title='bbox 747 2020 902 2085; x_wconf 90' lang='lat' dir='ltr'><strong>orationis</strong></span> <span class='ocrx_word' id='word_1_98' title='bbox 925 2020 1109 2104; x_wconf 83' lang='lat' dir='ltr'><strong>exemplum</strong></span> <span class='ocrx_word' id='word_1_99' title='bbox 1132 2021 1263 2085; x_wconf 84' lang='lat' dir='ltr'><strong>finxisse</strong></span> <span class='ocrx_word' id='word_1_100' title='bbox 1285 2022 1371 2086; x_wconf 85' lang='lat' dir='ltr'><strong>reri-</strong></span> 
     </span>
     <span class='ocr_line' id='line_1_14' title="bbox 242 2128 1372 2213; baseline -0.002 -19"><span class='ocrx_word' id='word_1_101' title='bbox 242 2130 351 2194; x_wconf 85' lang='lat' dir='ltr'><strong>simile</strong></span> <span class='ocrx_word' id='word_1_102' title='bbox 375 2137 432 2210; x_wconf 88' lang='lat' dir='ltr'><strong>est,</strong></span> <span class='ocrx_word' id='word_1_103' title='bbox 459 2150 555 2212; x_wconf 89' lang='lat' dir='ltr'><strong>qnam</strong></span> <span class='ocrx_word' id='word_1_104' title='bbox 574 2138 610 2192; x_wconf 89' lang='lat' dir='ltr'><strong>tr.</strong></span> <span class='ocrx_word' id='word_1_105' title='bbox 629 2129 670 2213; x_wconf 92' lang='lat' dir='ltr'><strong>pl.</strong></span> <span class='ocrx_word' id='word_1_106' title='bbox 690 2129 842 2212; x_wconf 89' lang='lat' dir='ltr'><strong>scriptam</strong></span> <span class='ocrx_word' id='word_1_107' title='bbox 858 2135 1105 2212; x_wconf 85' lang='lat' dir='ltr'><strong>propagaverat.</strong></span> <span class='ocrx_word' id='word_1_108' title='bbox 1154 2128 1372 2192; x_wconf 88' lang='lat' dir='ltr'><strong>Historiarum</strong></span> 
     </span>
     <span class='ocr_line' id='line_1_15' title="bbox 247 2234 1371 2320; baseline -0.002 -19"><span class='ocrx_word' id='word_1_109' title='bbox 247 2237 343 2301; x_wconf 89' lang='lat' dir='ltr'><strong>hodie</strong></span> <span class='ocrx_word' id='word_1_110' title='bbox 356 2237 523 2320; x_wconf 88' lang='lat' dir='ltr'><strong>complura</strong></span> <span class='ocrx_word' id='word_1_111' title='bbox 534 2236 718 2320; x_wconf 81' lang='lat' dir='ltr'><strong>fragmenta</strong></span> <span class='ocrx_word' id='word_1_112' title='bbox 728 2257 745 2298; x_wconf 91' lang='lat' dir='ltr'><strong>e</strong></span> <span class='ocrx_word' id='word_1_113' title='bbox 756 2236 837 2298; x_wconf 89' lang='lat' dir='ltr'><strong>libro</strong></span> <span class='ocrx_word' id='word_1_114' title='bbox 848 2236 963 2320; x_wconf 88' lang='lat' dir='ltr'><strong>primo,</strong></span> <span class='ocrx_word' id='word_1_115' title='bbox 976 2234 1040 2298; x_wconf 93' lang='lat' dir='ltr'><strong>duo</strong></span> <span class='ocrx_word' id='word_1_116' title='bbox 1051 2257 1069 2298; x_wconf 89' lang='lat' dir='ltr'><strong>e</strong></span> <span class='ocrx_word' id='word_1_117' title='bbox 1079 2234 1220 2300; x_wconf 88' lang='lat' dir='ltr'><strong>secundo</strong></span> <span class='ocrx_word' id='word_1_118' title='bbox 1229 2242 1371 2315; x_wconf 78' lang='lat' dir='ltr'><strong>exstant3</strong></span> 
     </span>
     <span class='ocr_line' id='line_1_16' title="bbox 243 2342 1447 2427; baseline -0.001 -20"><span class='ocrx_word' id='word_1_119' title='bbox 243 2342 1172 2427; x_wconf 83' lang='lat' dir='ltr'><strong>unumlrustumelibroXVlapudPriscianumservatur,</strong></span> <span class='ocrx_word' id='word_1_120' title='bbox 1196 2343 1371 2422; x_wconf 88' lang='lat' dir='ltr'><strong>sictamen,</strong></span> <span class='ocrx_word' id='word_1_121' title='bbox 1443 2351 1447 2360; x_wconf 91' lang='grc'><strong>’</strong></span> 
     </span>
     <span class='ocr_line' id='line_1_17' title="bbox 245 2450 1371 2536; baseline -0.002 -20"><span class='ocrx_word' id='word_1_122' title='bbox 245 2460 283 2516; x_wconf 86' lang='lat' dir='ltr'><strong>ut</strong></span> <span class='ocrx_word' id='word_1_123' title='bbox 295 2451 373 2536; x_wconf 89' lang='lat' dir='ltr'><strong>quid</strong></span> <span class='ocrx_word' id='word_1_124' title='bbox 385 2451 445 2515; x_wconf 92' lang='lat' dir='ltr'><strong>hoc</strong></span> <span class='ocrx_word' id='word_1_125' title='bbox 461 2450 542 2515; x_wconf 90' lang='lat' dir='ltr'><strong>libro</strong></span> <span class='ocrx_word' id='word_1_126' title='bbox 559 2452 740 2535; x_wconf 86' lang='lat' dir='ltr'><strong>expositum</strong></span> <span class='ocrx_word' id='word_1_127' title='bbox 757 2451 864 2530; x_wconf 86' lang='lat' dir='ltr'><strong>luerit,</strong></span> <span class='ocrx_word' id='word_1_128' title='bbox 881 2451 1031 2534; x_wconf 85' lang='lat' dir='ltr'><strong>cognosci</strong></span> <span class='ocrx_word' id='word_1_129' title='bbox 1048 2451 1112 2513; x_wconf 91' lang='lat' dir='ltr'><strong>iam</strong></span> <span class='ocrx_word' id='word_1_130' title='bbox 1128 2457 1283 2534; x_wconf 84' lang='lat' dir='ltr'><strong>nequeat3</strong></span> <span class='ocrx_word' id='word_1_131' title='bbox 1300 2457 1371 2514; x_wconf 89' lang='lat' dir='ltr'><strong>tan-</strong></span> 
     </span>
     <span class='ocr_line' id='line_1_18' title="bbox 244 2556 1371 2642; baseline -0.004 -18"><span class='ocrx_word' id='word_1_132' title='bbox 244 2559 321 2624; x_wconf 78' lang='lat' dir='ltr'><strong>slem</strong></span> <span class='ocrx_word' id='word_1_133' title='bbox 338 2559 421 2623; x_wconf 89' lang='lat' dir='ltr'><strong>liber</strong></span> <span class='ocrx_word' id='word_1_134' title='bbox 430 2556 511 2621; x_wconf 87' lang='lat' dir='ltr'><strong>XXI</strong></span> <span class='ocrx_word' id='word_1_135' title='bbox 523 2559 640 2622; x_wconf 88' lang='lat' dir='ltr'><strong>citatur</strong></span> <span class='ocrx_word' id='word_1_136' title='bbox 652 2557 695 2640; x_wconf 90' lang='lat' dir='ltr'><strong>(N</strong></span> <span class='ocrx_word' id='word_1_137' title='bbox 698 2579 748 2622; x_wconf 92' lang='lat' dir='ltr'><strong>on.</strong></span> <span class='ocrx_word' id='word_1_138' title='bbox 758 2579 788 2642; x_wconf 89' lang='lat' dir='ltr'><strong>p.</strong></span> <span class='ocrx_word' id='word_1_139' title='bbox 800 2559 862 2620; x_wconf 76' lang='lat'><strong>221</strong></span> <span class='ocrx_word' id='word_1_140' title='bbox 873 2556 1151 2641; x_wconf 85' lang='lat' dir='ltr'><strong>s.v.patibulum):</strong></span> <span class='ocrx_word' id='word_1_141' title='bbox 1172 2557 1371 2640; x_wconf 90' lang='lat' dir='ltr'><strong>„patibulum</strong></span> 
     </span>
     <span class='ocr_line' id='line_1_19' title="bbox 244 2663 1373 2753; baseline -0.004 -22"><span class='ocrx_word' id='word_1_142' title='bbox 244 2688 368 2753; x_wconf 84' lang='lat' dir='ltr'><strong>genere</strong></span> <span class='ocrx_word' id='word_1_143' title='bbox 384 2675 509 2745; x_wconf 90' lang='lat' dir='ltr'><strong>neutro,</strong></span> <span class='ocrx_word' id='word_1_144' title='bbox 518 2663 1192 2730; x_wconf 88' lang='lat' dir='ltr'><strong>mascnlinoLiciniusrerumRomanarum</strong></span> <span class='ocrx_word' id='word_1_145' title='bbox 1203 2663 1373 2728; x_wconf 90' lang='lat' dir='ltr'><strong>libroXXI</strong></span> 
     </span>
     <span class='ocr_line' id='line_1_20' title="bbox 246 2771 1374 2858; baseline -0.004 -20"><span class='ocrx_word' id='word_1_146' title='bbox 246 2775 371 2858; x_wconf 88' lang='lat' dir='ltr'><strong>deligat</strong></span> <span class='ocrx_word' id='word_1_147' title='bbox 383 2773 424 2837; x_wconf 89' lang='lat' dir='ltr'><strong>ad</strong></span> <span class='ocrx_word' id='word_1_148' title='bbox 436 2773 598 2858; x_wconf 88' lang='lat' dir='ltr'><strong>patibulos</strong></span> <span class='ocrx_word' id='word_1_149' title='bbox 613 2823 619 2836; x_wconf 94' lang='lat'><strong>.</strong></span> <span class='ocrx_word' id='word_1_150' title='bbox 635 2822 641 2834; x_wconf 97' lang='lat'><strong>.</strong></span> <span class='ocrx_word' id='word_1_151' title='bbox 657 2821 664 2834; x_wconf 90' lang='lat'><strong>.</strong></span> <span class='ocrx_word' id='word_1_152' title='bbox 682 2772 867 2856; x_wconf 86' lang='lat' dir='ltr'><strong>deligantur</strong></span> <span class='ocrx_word' id='word_1_153' title='bbox 878 2779 911 2835; x_wconf 89' lang='lat' dir='ltr'><strong>et</strong></span> <span class='ocrx_word' id='word_1_154' title='bbox 922 2772 1204 2847; x_wconf 86' lang='lat' dir='ltr'><strong>circumferuntur,</strong></span> <span class='ocrx_word' id='word_1_155' title='bbox 1222 2772 1309 2835; x_wconf 90' lang='lat' dir='ltr'><strong>cruci</strong></span> <span class='ocrx_word' id='word_1_156' title='bbox 1319 2771 1374 2835; x_wconf 91' lang='lat' dir='ltr'><strong>dc-</strong></span> 
     </span>
     <span class='ocr_line' id='line_1_21' title="bbox 244 2877 1372 2966; baseline -0.003 -21"><span class='ocrx_word' id='word_1_157' title='bbox 244 2879 423 2966; x_wconf 79' lang='lat' dir='ltr'><strong>figuntur“.</strong></span> <span class='ocrx_word' id='word_1_158' title='bbox 450 2879 513 2943; x_wconf 83' lang='lat' dir='ltr'><strong>Sed</strong></span> <span class='ocrx_word' id='word_1_159' title='bbox 524 2880 650 2944; x_wconf 89' lang='lat' dir='ltr'><strong>Licinio</strong></span> <span class='ocrx_word' id='word_1_160' title='bbox 663 2880 770 2943; x_wconf 87' lang='lat' dir='ltr'><strong>Macro</strong></span> <span class='ocrx_word' id='word_1_161' title='bbox 784 2879 990 2942; x_wconf 87' lang='lat' dir='ltr'><strong>tribuendum</strong></span> <span class='ocrx_word' id='word_1_162' title='bbox 1002 2899 1071 2941; x_wconf 87' lang='lat' dir='ltr'><strong>esse</strong></span> <span class='ocrx_word' id='word_1_163' title='bbox 1085 2884 1182 2961; x_wconf 86' lang='lat' dir='ltr'><strong>negat</strong></span> <span class='ocrx_word' id='word_1_164' title='bbox 1191 2877 1287 2941; x_wconf 88' lang='lat' dir='ltr'><strong>Peter</strong></span> <span class='ocrx_word' id='word_1_165' title='bbox 1300 2879 1372 2942; x_wconf 90' lang='lat' dir='ltr'><strong>hist.</strong></span> 
     </span>
     <span class='ocr_line' id='line_1_22' title="bbox 247 2984 1373 3072; baseline -0.003 -20"><span class='ocrx_word' id='word_1_166' title='bbox 247 2989 342 3053; x_wconf 83' lang='lat' dir='ltr'><strong>Rom.</strong></span> <span class='ocrx_word' id='word_1_167' title='bbox 360 2987 475 3070; x_wconf 78' lang='lat' dir='ltr'><strong>fragm.</strong></span> <span class='ocrx_word' id='word_1_168' title='bbox 495 3009 524 3072; x_wconf 90' lang='lat' dir='ltr'><strong>p.</strong></span> <span class='ocrx_word' id='word_1_169' title='bbox 543 2989 618 3066; x_wconf 76' lang='lat'><strong>271,</strong></span> <span class='ocrx_word' id='word_1_170' title='bbox 643 2987 698 3071; x_wconf 91' lang='lat' dir='ltr'><strong>qui</strong></span> <span class='ocrx_word' id='word_1_171' title='bbox 723 2985 835 3050; x_wconf 80' lang='lat' dir='ltr'><strong>Clodio</strong></span> <span class='ocrx_word' id='word_1_172' title='bbox 860 2984 973 3049; x_wconf 89' lang='lat' dir='ltr'><strong>Licino</strong></span> <span class='ocrx_word' id='word_1_173' title='bbox 996 2986 1120 3048; x_wconf 91' lang='lat' dir='ltr'><strong>consuli</strong></span> <span class='ocrx_word' id='word_1_174' title='bbox 1141 2985 1275 3048; x_wconf 79' lang='lat' dir='ltr'><strong>suffecto</strong></span> <span class='ocrx_word' id='word_1_175' title='bbox 1297 2988 1373 3049; x_wconf 92' lang='lat' dir='ltr'><strong>anni</strong></span> 
     </span>
     <span class='ocr_line' id='line_1_23' title="bbox 248 3093 1373 3182; baseline -0.004 -22"><span class='ocrx_word' id='word_1_176' title='bbox 248 3119 280 3182; x_wconf 91' lang='lat' dir='ltr'><strong>p.</strong></span> <span class='ocrx_word' id='word_1_177' title='bbox 299 3095 374 3160; x_wconf 67' lang='lat' dir='ltr'><strong>(tl</strong></span> <span class='ocrx_word' id='word_1_178' title='bbox 401 3096 435 3159; x_wconf 89' lang='lat' dir='ltr'><strong>id</strong></span> <span class='ocrx_word' id='word_1_179' title='bbox 468 3093 641 3159; x_wconf 79' lang='lat' dir='ltr'><strong>adscribit?</strong></span> <span class='ocrx_word' id='word_1_180' title='bbox 685 3115 789 3178; x_wconf 87' lang='lat' dir='ltr'><strong>neque</strong></span> <span class='ocrx_word' id='word_1_181' title='bbox 824 3101 932 3156; x_wconf 87' lang='lat' dir='ltr'><strong>tamen</strong></span> <span class='ocrx_word' id='word_1_182' title='bbox 965 3100 1053 3157; x_wconf 87' lang='lat' dir='ltr'><strong>recte</strong></span> <span class='ocrx_word' id='word_1_183' title='bbox 1084 3093 1199 3156; x_wconf 84' lang='lat' dir='ltr'><strong>fecisse</strong></span> <span class='ocrx_word' id='word_1_184' title='bbox 1231 3093 1373 3171; x_wconf 81' lang='lat' dir='ltr'><strong>ridetur,</strong></span> 
     </span>
     <span class='ocr_line' id='line_1_24' title="bbox 246 3201 1374 3284; baseline -0.004 -16"><span class='ocrx_word' id='word_1_185' title='bbox 246 3225 325 3268; x_wconf 86' lang='lat' dir='ltr'><strong>nam</strong></span> <span class='ocrx_word' id='word_1_186' title='bbox 364 3203 404 3267; x_wconf 93' lang='lat' dir='ltr'><strong>de</strong></span> <span class='ocrx_word' id='word_1_187' title='bbox 436 3201 549 3266; x_wconf 82' lang='lat' dir='ltr'><strong>Clodio</strong></span> <span class='ocrx_word' id='word_1_188' title='bbox 585 3201 699 3266; x_wconf 91' lang='lat' dir='ltr'><strong>Licino</strong></span> <span class='ocrx_word' id='word_1_189' title='bbox 736 3202 878 3284; x_wconf 79' lang='lat' dir='ltr'><strong>cogitare</strong></span> <span class='ocrx_word' id='word_1_190' title='bbox 914 3221 1151 3284; x_wconf 87' lang='lat' dir='ltr'><strong>supervacuum</strong></span> <span class='ocrx_word' id='word_1_191' title='bbox 1185 3206 1245 3279; x_wconf 87' lang='lat' dir='ltr'><strong>est,</strong></span> <span class='ocrx_word' id='word_1_192' title='bbox 1288 3201 1374 3284; x_wconf 90' lang='lat' dir='ltr'><strong>quod</strong></span> 
     </span>
     <span class='ocr_line' id='line_1_25' title="bbox 246 3301 1375 3395; baseline -0.004 -21"><span class='ocrx_word' id='word_1_193' title='bbox 246 3312 353 3375; x_wconf 85' lang='lat' dir='ltr'><strong>codex</strong></span> <span class='ocrx_word' id='word_1_194' title='bbox 375 3309 408 3374; x_wconf 93' lang='lat' dir='ltr'>H</span> <span class='ocrx_word' id='word_1_195' title='bbox 432 3312 536 3395; x_wconf 89' lang='lat' dir='ltr'><strong>prima</strong></span> <span class='ocrx_word' id='word_1_196' title='bbox 563 3331 659 3374; x_wconf 89' lang='lat' dir='ltr'><strong>mauu</strong></span> <span class='ocrx_word' id='word_1_197' title='bbox 687 3301 879 3390; x_wconf 85' lang='lat' dir='ltr'><strong>,Lucinius“</strong></span> <span class='ocrx_word' id='word_1_198' title='bbox 899 3309 998 3372; x_wconf 88' lang='lat' dir='ltr'><strong>ceteri</strong></span> <span class='ocrx_word' id='word_1_199' title='bbox 1013 3308 1140 3372; x_wconf 90' lang='lat' dir='ltr'><strong>codices</strong></span> <span class='ocrx_word' id='word_1_200' title='bbox 1154 3307 1284 3386; x_wconf 64' lang='lat' dir='ltr'><strong>(ruva</strong></span> <span class='ocrx_word' id='word_1_201' title='bbox 1300 3327 1375 3370; x_wconf 90' lang='lat' dir='ltr'><strong>cum</strong></span> 
     </span>
     <span class='ocr_line' id='line_1_26' title="bbox 246 3413 1375 3497; baseline -0.004 -15"><span class='ocrx_word' id='word_1_202' title='bbox 246 3419 353 3494; x_wconf 87' lang='lat' dir='ltr'><strong>altera</strong></span> <span class='ocrx_word' id='word_1_203' title='bbox 376 3439 474 3482; x_wconf 86' lang='lat' dir='ltr'><strong>manu</strong></span> <span class='ocrx_word' id='word_1_204' title='bbox 491 3417 610 3481; x_wconf 89' lang='lat' dir='ltr'><strong>codicis</strong></span> <span class='ocrx_word' id='word_1_205' title='bbox 628 3415 675 3497; x_wconf 88' lang='lat' dir='ltr'><strong>H)</strong></span> <span class='ocrx_word' id='word_1_206' title='bbox 703 3415 886 3497; x_wconf 88' lang='lat' dir='ltr'><strong>,Licinius“</strong></span> <span class='ocrx_word' id='word_1_207' title='bbox 904 3416 1066 3478; x_wconf 83' lang='lat' dir='ltr'><strong>exhibent.</strong></span> <span class='ocrx_word' id='word_1_208' title='bbox 1113 3413 1180 3478; x_wconf 88' lang='lat' dir='ltr'><strong>Nos</strong></span> <span class='ocrx_word' id='word_1_209' title='bbox 1195 3415 1277 3478; x_wconf 91' lang='lat' dir='ltr'><strong>libro</strong></span> <span class='ocrx_word' id='word_1_210' title='bbox 1293 3413 1375 3478; x_wconf 87' lang='lat' dir='ltr'><strong>XXI</strong></span> 
     </span>
     <span class='ocr_line' id='line_1_27' title="bbox 246 3515 1376 3610; baseline -0.005 -20"><span class='ocrx_word' id='word_1_211' title='bbox 246 3525 412 3590; x_wconf 84' lang='lat' dir='ltr'><strong>Licinium</strong></span> <span class='ocrx_word' id='word_1_212' title='bbox 436 3525 476 3610; x_wconf 88' lang='lat' dir='ltr'><strong>de</strong></span> <span class='ocrx_word' id='word_1_213' title='bbox 500 3524 639 3588; x_wconf 89' lang='lat' dir='ltr'><strong>tumultu</strong></span> <span class='ocrx_word' id='word_1_214' title='bbox 664 3523 831 3608; x_wconf 82' lang='lat' dir='ltr'><strong>Spartacio</strong></span> <span class='ocrx_word' id='word_1_215' title='bbox 856 3522 956 3585; x_wconf 86' lang='lat' dir='ltr'><strong>verba</strong></span> <span class='ocrx_word' id='word_1_216' title='bbox 980 3521 1095 3586; x_wconf 83' lang='lat' dir='ltr'><strong>iecisse</strong></span> <span class='ocrx_word' id='word_1_217' title='bbox 1111 3542 1184 3585; x_wconf 91' lang='lat' dir='ltr'><strong>cum</strong></span> <span class='ocrx_word' id='word_1_218' title='bbox 1200 3515 1376 3603; x_wconf 64' lang='lat' dir='ltr'><strong>Linkerol)</strong></span> 
     </span>
    </p>
   </div>
   <div class='ocr_carea' id='block_1_3' title="bbox 247 3750 1378 4350">
    <p class='ocr_par' dir='ltr' id='par_1_3' title="bbox 247 3750 1377 3916">
     <span class='ocr_line' id='line_1_28' title="bbox 342 3750 1377 3824; baseline -0.004 -13"><span class='ocrx_word' id='word_1_219' title='bbox 342 3759 368 3824; x_wconf 94' lang='lat'><strong>1)</strong></span> <span class='ocrx_word' id='word_1_220' title='bbox 389 3754 577 3812; x_wconf 87' lang='lat' dir='ltr'><strong>llcrcklio:</strong></span> <span class='ocrx_word' id='word_1_221' title='bbox 598 3754 634 3809; x_wconf 88' lang='lat' dir='ltr'><strong>de</strong></span> <span class='ocrx_word' id='word_1_222' title='bbox 646 3754 775 3809; x_wconf 85' lang='lat' dir='ltr'><strong>Varrone</strong></span> <span class='ocrx_word' id='word_1_223' title='bbox 795 3766 969 3809; x_wconf 89' lang='lat' dir='ltr'><strong>coronarum</strong></span> <span class='ocrx_word' id='word_1_224' title='bbox 988 3750 1184 3806; x_wconf 87' lang='lat' dir='ltr'><strong>Romanarum</strong></span> <span class='ocrx_word' id='word_1_225' title='bbox 1203 3750 1377 3807; x_wconf 87' lang='lat' dir='ltr'><strong>militarium</strong></span> 
     </span>
     <span class='ocr_line' id='line_1_29' title="bbox 247 3841 1115 3916; baseline -0.012 -12"><span class='ocrx_word' id='word_1_226' title='bbox 247 3848 412 3916; x_wconf 87' lang='lat' dir='ltr'><strong>interprete</strong></span> <span class='ocrx_word' id='word_1_227' title='bbox 431 3845 598 3915; x_wconf 87' lang='lat' dir='ltr'><strong>praecipuo.</strong></span> <span class='ocrx_word' id='word_1_228' title='bbox 637 3843 737 3911; x_wconf 87' lang='lat' dir='ltr'><strong>Progr.</strong></span> <span class='ocrx_word' id='word_1_229' title='bbox 756 3842 885 3898; x_wconf 85' lang='lat' dir='ltr'><strong>univers.</strong></span> <span class='ocrx_word' id='word_1_230' title='bbox 905 3841 1023 3910; x_wconf 88' lang='lat' dir='ltr'><strong>Dorpat.</strong></span> <span class='ocrx_word' id='word_1_231' title='bbox 1039 3843 1115 3896; x_wconf 77' lang='lat'><strong>1859.</strong></span> 
     </span>
    </p>

    <p class='ocr_par' dir='ltr' id='par_1_4' title="bbox 248 3930 1378 4350">
     <span class='ocr_line' id='line_1_30' title="bbox 342 3930 1378 4004; baseline -0.003 -14"><span class='ocrx_word' id='word_1_232' title='bbox 342 3935 370 4002; x_wconf 79' lang='lat'><strong>2)</strong></span> <span class='ocrx_word' id='word_1_233' title='bbox 392 3935 567 4004; x_wconf 85' lang='lat' dir='ltr'><strong>Fragmenta</strong></span> <span class='ocrx_word' id='word_1_234' title='bbox 588 3933 682 3989; x_wconf 80' lang='lat' dir='ltr'><strong>Licini</strong></span> <span class='ocrx_word' id='word_1_235' title='bbox 710 3949 777 3988; x_wconf 89' lang='lat' dir='ltr'><strong>cum</strong></span> <span class='ocrx_word' id='word_1_236' title='bbox 802 3931 952 3989; x_wconf 89' lang='lat' dir='ltr'><strong>nonnullis</strong></span> <span class='ocrx_word' id='word_1_237' title='bbox 976 3930 1154 3986; x_wconf 86' lang='lat' dir='ltr'><strong>testimoniis</strong></span> <span class='ocrx_word' id='word_1_238' title='bbox 1181 3930 1273 3986; x_wconf 87' lang='lat' dir='ltr'><strong>hahes</strong></span> <span class='ocrx_word' id='word_1_239' title='bbox 1299 3931 1378 4002; x_wconf 86' lang='lat' dir='ltr'><strong>apud</strong></span> 
     </span>
     <span class='ocr_line' id='line_1_31' title="bbox 250 4024 628 4093; baseline -0.016 -12"><span class='ocrx_word' id='word_1_240' title='bbox 250 4025 388 4081; x_wconf 78' lang='lat' dir='ltr'><strong>Pelorum</strong></span> <span class='ocrx_word' id='word_1_241' title='bbox 406 4024 425 4078; x_wconf 92' lang='lat' dir='ltr'><strong>l.</strong></span> <span class='ocrx_word' id='word_1_242' title='bbox 441 4039 464 4079; x_wconf 92' lang='lat' dir='ltr'><strong>c.</strong></span> <span class='ocrx_word' id='word_1_243' title='bbox 478 4039 505 4093; x_wconf 89' lang='lat' dir='ltr'><strong>p.</strong></span> <span class='ocrx_word' id='word_1_244' title='bbox 523 4026 573 4078; x_wconf 83' lang='lat'><strong>190</strong></span> <span class='ocrx_word' id='word_1_245' title='bbox 586 4038 628 4092; x_wconf 92' lang='lat' dir='ltr'><strong>sq.</strong></span> 
     </span>
     <span class='ocr_line' id='line_1_32' title="bbox 248 4109 1376 4182; baseline -0.006 -11"><span class='ocrx_word' id='word_1_246' title='bbox 248 4163 252 4171; x_wconf 89' lang='lat'><strong>.</strong></span> <span class='ocrx_word' id='word_1_247' title='bbox 341 4115 370 4182; x_wconf 88' lang='grc'><strong>3)</strong></span> <span class='ocrx_word' id='word_1_248' title='bbox 392 4113 532 4170; x_wconf 85' lang='lat' dir='ltr'><strong>Linker:</strong></span> <span class='ocrx_word' id='word_1_249' title='bbox 552 4113 589 4170; x_wconf 88' lang='lat' dir='ltr'><strong>de</strong></span> <span class='ocrx_word' id='word_1_250' title='bbox 608 4111 729 4171; x_wconf 62' lang='lat' dir='ltr'><strong>Sallusti</strong></span> <span class='ocrx_word' id='word_1_251' title='bbox 748 4111 939 4167; x_wconf 86' lang='lat' dir='ltr'><strong>historiarum</strong></span> <span class='ocrx_word' id='word_1_252' title='bbox 957 4110 1116 4179; x_wconf 86' lang='lat' dir='ltr'><strong>prooemio.</strong></span> <span class='ocrx_word' id='word_1_253' title='bbox 1143 4109 1219 4165; x_wconf 84' lang='lat' dir='ltr'><strong>Dias.</strong></span> <span class='ocrx_word' id='word_1_254' title='bbox 1232 4109 1376 4180; x_wconf 82' lang='lat' dir='ltr'><strong>hlarpurg.</strong></span> 
     </span>
     <span class='ocr_line' id='line_1_33' title="bbox 254 4199 1378 4273; baseline -0.003 -15"><span class='ocrx_word' id='word_1_255' title='bbox 254 4207 331 4273; x_wconf 79' lang='lat'><strong>1850,</strong></span> <span class='ocrx_word' id='word_1_256' title='bbox 349 4220 377 4273; x_wconf 93' lang='lat' dir='ltr'><strong>p.</strong></span> <span class='ocrx_word' id='word_1_257' title='bbox 395 4207 434 4258; x_wconf 82' lang='grc'><strong>11.</strong></span> <span class='ocrx_word' id='word_1_258' title='bbox 454 4233 487 4242; x_wconf 97' lang='grc'>-</span> <span class='ocrx_word' id='word_1_259' title='bbox 507 4201 576 4258; x_wconf 84' lang='lat' dir='ltr'><strong>Sall.</strong></span> <span class='ocrx_word' id='word_1_260' title='bbox 590 4203 624 4257; x_wconf 84' lang='lat' dir='ltr'><strong>fr.</strong></span> <span class='ocrx_word' id='word_1_261' title='bbox 638 4205 664 4270; x_wconf 87' lang='lat'><strong>3,</strong></span> <span class='ocrx_word' id='word_1_262' title='bbox 678 4206 707 4270; x_wconf 82' lang='lat'><strong>93</strong></span> <span class='ocrx_word' id='word_1_263' title='bbox 727 4201 763 4256; x_wconf 86' lang='lat' dir='ltr'><strong>cl.</strong></span> <span class='ocrx_word' id='word_1_264' title='bbox 778 4201 853 4256; x_wconf 83' lang='lat' dir='ltr'><strong>Flor.</strong></span> <span class='ocrx_word' id='word_1_265' title='bbox 870 4204 892 4268; x_wconf 89' lang='lat'><strong>1,</strong></span> <span class='ocrx_word' id='word_1_266' title='bbox 905 4203 953 4267; x_wconf 75' lang='lat'><strong>423</strong></span> <span class='ocrx_word' id='word_1_267' title='bbox 973 4199 1012 4256; x_wconf 87' lang='lat' dir='ltr'><strong>ad</strong></span> <span class='ocrx_word' id='word_1_268' title='bbox 1030 4199 1157 4270; x_wconf 88' lang='lat' dir='ltr'><strong>patibuli</strong></span> <span class='ocrx_word' id='word_1_269' title='bbox 1176 4215 1263 4256; x_wconf 89' lang='lat' dir='ltr'><strong>usum</strong></span> <span class='ocrx_word' id='word_1_270' title='bbox 1275 4199 1378 4255; x_wconf 84' lang='lat' dir='ltr'><strong>rideas</strong></span> 
     </span>
     <span class='ocr_line' id='line_1_34' title="bbox 248 4291 804 4350; baseline -0.007 0"><span class='ocrx_word' id='word_1_271' title='bbox 248 4293 450 4350; x_wconf 77' lang='lat' dir='ltr'><strong>Mommsen:</strong></span> <span class='ocrx_word' id='word_1_272' title='bbox 471 4293 503 4348; x_wconf 88' lang='lat' dir='ltr'><strong>R.</strong></span> <span class='ocrx_word' id='word_1_273' title='bbox 523 4291 645 4348; x_wconf 78' lang='lat' dir='ltr'><strong>Siraf-R.</strong></span> <span class='ocrx_word' id='word_1_274' title='bbox 667 4295 721 4350; x_wconf 73' lang='lat'><strong>920</strong></span> <span class='ocrx_word' id='word_1_275' title='bbox 739 4308 767 4346; x_wconf 91' lang='lat' dir='ltr'><strong>n.</strong></span> <span class='ocrx_word' id='word_1_276' title='bbox 782 4294 804 4347; x_wconf 88' lang='lat'><strong>3.</strong></span> 
     </span>
    </p>
   </div>
   <div class='ocr_carea' id='block_1_4' title="bbox 0 0 1700 5184">
    <p class='ocr_par' dir='ltr' id='par_1_5' title="bbox 0 0 1700 5184">
     <span class='ocr_line' id='line_1_35' title="bbox 0 0 1700 5184; baseline 0 0"><span class='ocrx_word' id='word_1_277' title='bbox 0 0 1700 5184; x_wconf 95' lang='lat' dir='ltr'><strong> </strong></span> 
     </span>
    </p>
   </div>
  </div>
 </body>
</html>
