3367 5184
761 651 980 712 -24,

365 833 388 884 2.
411 833 425 880 ὁ
448 831 477 881 δὲ
508 831 561 880 εἴτε
587 830 702 894 χρήμασι
728 827 845 887 πεισθεὶς

311 924 364 972 εἴτε
381 922 467 985 χάριτι
486 918 628 978 δουλεύσας

364 1015 410 1074 τῆς
435 1009 482 1073 μὲν
509 1011 559 1058 τῶν
584 1009 723 1072 κριτηρίων
746 1006 844 1056 τουτων

311 1101 423 1163 σπουδῆς
443 1099 541 1162 ἀπέστη
777 1170 780 1180 ¹

365 1187 389 1241 6.
411 1189 457 1237 καὶ
488 1187 548 1247 τοὺς
576 1187 702 1250 τυχόντως
729 1186 770 1233 ἐπὶ
797 1186 845 1232 τῶι
952 1185 977 1234 6.
1001 1181 1095 1231 οὐδένα
1130 1183 1181 1229 τῶν
1218 1179 1319 1229 δουλων
1355 1195 1430 1244 προς-

311 1283 397 1342 τυχεῖν
424 1282 471 1341 τῆς
498 1275 650 1338 ἐλευθερίας
674 1273 844 1338 ἐπιπλήττων,
898 1272 1014 1332 εδὲξατο,

311 1369 347 1428 εἰς
369 1367 429 1427 τοὺς
450 1367 530 1427 ἰδίους
551 1366 656 1428 κυρίους
673 1363 845 1427 προςεταττεν
952 1359 1014 1409 ἀλλ’
1028 1360 1178 1423 ἀπέπεμψεν
1196 1358 1290 1420 αὐτοὺς
1302 1360 1338 1420 ὡς
1352 1360 1431 1423 μηδὲν

311 1457 512 1520 ἐπαναστρέφειν
897 1450 983 1499 κακὸν
1005 1451 1173 1512 πεισομένους
1197 1448 1214 1513 ἡ
1237 1450 1317 1513 μηδὲν
1338 1464 1370 1514 γε
1392 1450 1431 1500 ἔτι

897 1539 1008 1601 ταράξαι
1035 1542 1082 1588 τῶι
1109 1538 1333 1603 διασκεδασθῆναι
1357 1541 1431 1603 δυνη-

898 1630 1029 1692 σομένους.

951 1720 976 1767 οἱ
1001 1719 1031 1767 δὲ
1055 1703 1186 1777 δείσαντες
1210 1716 1270 1777 τοὺς
1295 1718 1431 1779 δεσπότας,

898 1807 939 1856 ὅτι
965 1809 1012 1857 καὶ
1039 1807 1086 1870 τὴν
1114 1807 1197 1871 ἀρχὴν
1224 1805 1380 1856 ἐπικαλέσαι
1406 1823 1431 1855 τι

899 1897 986 1957 αὐτοῖς
1004 1895 1160 1961 ἐτόλμησαν,

366 1991 389 2041 7.
410 1990 434 2038 οἱ
447 1988 477 2037 δὲ
489 1987 580 2037 δοῦλοι
596 1987 842 2051 συστραφέντες...
952 1988 976 2038 7,
996 1987 1206 2050 συνεστράφησαν
1224 1988 1271 2036 καὶ

365 2078 388 2131 8.
409 2076 548 2127 διελάλουν
563 2077 627 2140 πρὸς
638 2075 771 2140 ἀλλήλους
781 2076 844 2140 ὑπὲρ
952 2076 976 2128 8.
1002 2074 1255 2140 κοινολογησάμενοι
1283 2077 1347 2140 πρὸς
1374 2075 1430 2139 ληι·

312 2167 481 2226 ἀποστάσεως
899 2167 985 2225 στείας
1004 2166 1155 2228 ἐτράποντο.

310 2311 454 2376 numeris
478 2313 631 2396 appositis
666 2317 771 2374 textus
794 2310 889 2374 facile
924 2318 1160 2394 comparantur,
1200 2332 1280 2395 quos
1303 2319 1432 2395 praeter

311 2420 389 2486 illud
433 2419 658 2504 συστραφέντες
701 2425 732 2482 et
774 2419 1029 2504 συνεστράφησαν
1068 2419 1181 2482 eadem
1221 2427 1276 2482 aut
1314 2421 1431 2483 similia

312 2528 446 2592 diversis
470 2528 577 2591 verbis
601 2526 783 2611 significare
807 2528 968 2607 videmus3
992 2548 1089 2611 quam
1106 2529 1146 2609 ab
1163 2549 1232 2590 rem
1250 2527 1428 2591 Diodorum

312 2637 442 2721 quidem
467 2656 485 2698 a
515 2634 622 2698 Dione
654 2656 718 2698 non
750 2637 944 2718 exscriptum
975 2656 1045 2698 esse
1076 2657 1134 2718 pro
1166 2641 1253 2698 nerto
1284 2635 1429 2713 habetur,

312 2744 365 2807 sed
391 2746 423 2807 in
448 2743 546 2806 dubio
570 2749 619 2806 est
642 2763 719 2805 num
731 2741 899 2805 Romanus
924 2743 953 2804 ei
977 2749 1088 2812 auctor
1111 2742 1217 2823 fuerit,
1242 2743 1297 2827 qui
1320 2743 1389 2826 ipse
1413 2764 1430 2804 e

312 2850 485 2915 Posidonia
510 2856 566 2913 aut
589 2871 606 2913 e
630 2849 778 2914 Diodoro
806 2850 974 2934 pependit3
1014 2872 1096 2934 quae
1124 2851 1151 2912 si
1174 2851 1219 2913 ita
1243 2871 1277 2913 se
1301 2850 1429 2927 habent,

311 2958 426 3022 Diouis
450 2963 560 3021 auctor
583 2959 756 3041 praecipue
780 2958 997 3041 integritatem
1021 2957 1148 3021 Nervae
1165 2959 1198 3021 in
1215 2958 1430 3041 suspicionem

313 3066 473 3130 adducere
496 3064 613 3144 voluit3
638 3066 724 3150 quod
748 3067 851 3130 evinci
876 3073 982 3129 tamen
1008 3067 1096 3130 nulle
1120 3066 1215 3129 mode
1239 3072 1353 3150 potest.
1379 3065 1430 3128 De

304 3172 413 3258 ¹altero
443 3172 623 3258 fragmento
649 3175 691 3237 94
715 3172 830 3253 Boiss,
869 3195 932 3258 quo
956 3174 1123 3237 Macellam
1153 3173 1305 3258 oppidum
1330 3193 1430 3256 prope

312 3281 494 3344 Messanam
518 3282 615 3343 situm
640 3281 855 3345 Athenionem
880 3275 1055 3345 munivisse
1078 3281 1242 3359 doeemur,
1268 3301 1325 3344 suo
1349 3279 1428 3358 1000,

313 3409 384 3452 cum
404 3389 445 3452 ad
463 3389 705 3472 chronologicas
718 3411 770 3453 res
786 3390 862 3452 belli
878 3389 1132 3473 pervenerimus,
1148 3389 1248 3452 verba
1264 3388 1429 3451 faciemus.
