3367 5184
755 643 908 707 r——·38
957 678 998 686 -

327 821 463 886 Diodori
485 822 559 885 libri
582 824 686 906 drap.
705 821 773 902 3,6
798 820 979 904 suspicatus
1003 828 1061 900 est,
1094 820 1215 884 bellum
1239 823 1354 886 servile
1371 828 1447 885 tune

328 930 483 1013 temporis
499 929 643 992 nondum
661 928 841 993 confectum
866 949 936 992 esse
959 949 1091 1013 prorsus
1115 949 1178 992 nou
1196 929 1315 1007 elucet3
1338 931 1448 1013 itaque

328 1036 504 1120 Syracusas
528 1038 640 1101 urbem
666 1057 684 1099 a
709 1037 809 1100 servis
834 1036 1004 1120 quondam,
1019 1043 1147 1120 captam
1170 1058 1240 1100 esse
1262 1071 1298 1082 -
1314 1037 1347 1100 id
1361 1037 1447 1120 quod

327 1129 476 1207 Buecher
495 1143 718 1207 coniciendum
736 1165 805 1208 esse
822 1144 1001 1207 iudicat-
1018 1150 1126 1208 nostra
1142 1143 1273 1227 quidem
1289 1144 1448 1208 sententia

328 1251 388 1314 hoc
411 1251 481 1315 loco
505 1252 559 1315 rix
582 1253 820 1335 comprobatur,
846 1273 918 1316 cum
943 1252 1082 1315 maxime
1102 1253 1128 1314 si
1144 1250 1256 1315 Eunus
1274 1252 1449 1336 Syracusas

325 1365 556 1442 expugnasset,
596 1357 726 1440 Florus,
766 1358 914 1438 Orosius,
954 1380 1020 1443 per.
1043 1358 1122 1421 Livi
1154 1359 1193 1422 de
1224 1359 1285 1422 hac
1317 1380 1351 1421 re
1382 1379 1447 1421 nou

327 1467 511 1530 tacuissent.

374 1573 469 1638 Vlla.
494 1605 527 1624 =
552 1596 619 1639 exc.
645 1575 684 1637 de
711 1576 780 1638 virt.
798 1576 874 1654 373,
893 1576 967 1638 374.

418 1683 461 1746 Ut
483 1689 614 1767 propter
636 1682 794 1747 nefariam
818 1684 950 1747 caedem
971 1683 1236 1747 Gracchanorum
1260 1683 1371 1746 decem
1387 1682 1448 1743 viri

328 1790 480 1854 Hennam
517 1791 728 1869 mitterentur,
769 1793 895 1854 senatui
935 1814 1019 1856 anno
1047 1793 1107 1855 133
1140 1793 1302 1875 placuisse
1335 1787 1449 1852 Cicero

329 1904 389 1961 act..
407 1898 448 1960 11.
467 1899 499 1960 in
524 1898 659 1961 Verrem
684 1898 738 1961 lib.
756 1901 776 1962 4
794 1898 813 1978 ἓ
833 1900 894 1963 108
920 1900 1031 1979 tradit3
1055 1901 1158 1984 ipsum
1177 1901 1238 1963 iter
1260 1899 1447 1982 priusquam

328 2004 479 2089 Rupilius
508 2006 620 2068 consul
649 2007 794 2089 proximo
823 2028 908 2069 anno
938 2007 1052 2070 urbem
1083 2008 1114 2069 vi
1148 2008 1232 2090 cepit
1255 2007 1378 2089 legatos
1401 2004 1451 2066 in·

329 2113 418 2196 gredi
437 2135 499 2176 non
516 2114 657 2196 potuisse
675 2118 821 2198 apparet3
850 2122 1086 2198 praeoccupata
1101 2115 1198 2198 igitur
1214 2120 1321 2176 mente
1338 2111 1451 2194 Unger

328 2221 347 2283 l.
362 2242 389 2284 c.
402 2220 435 2283 id
452 2241 535 2283 arrno
553 2222 612 2284 136
631 2220 729 2284 fuisse
747 2229 859 2284 contra
872 2220 1060 2286 Ciceronem
1078 2222 1224 2300 coniecit,
1253 2240 1449 2305 quamquam

329 2329 368 2390 de
392 2328 492 2412 ipsius
516 2329 675 2392 sententia
699 2330 782 2392 servi
807 2335 883 2392 tunc
909 2331 1020 2393 urbem
1047 2330 1195 2393 Hennam
1220 2330 1381 2392 tenebant.
1405 2361 1447 2370 —-

329 2434 420 2505 Quae
444 2435 538 2498 simul
561 2436 601 2500 de
626 2437 743 2519 pietate
768 2436 868 2520 Gargi
887 2435 1032 2501 Oambali
1050 2444 1082 2500 et
1097 2438 1154 2500 filii
1172 2436 1447 2519 Morgantiuorum

329 2549 496 2626 excerptor
519 2543 657 2625 exhibet,
682 2550 757 2607 urite
781 2566 901 2608 annum
931 2546 989 2608 132
1015 2547 1090 2628 poni
1116 2567 1178 2609 nou
1202 2541 1330 2628 posse¹)
1355 2550 1448 2605 etex

328 2674 366 2715 eo
391 2651 476 2736 quod
501 2652 595 2715 modo
619 2653 758 2718 diximus
782 2655 927 2736 sequitur
947 2661 979 2717 et
995 2655 1080 2736 quod
1097 2654 1173 2717 dum
1190 2653 1310 2715 bellum
1327 2651 1451 2733 geritur

330 2758 473 2842 Gorgum
506 2761 687 2824 venationis
719 2762 884 2844 voluptate
911 2763 1104 2826 abstinuisse
1138 2768 1306 2845 putamus3
1352 2761 1448 2823 etiam

329 2868 474 2932 confecto
500 2868 582 2932 bello
607 2889 772 2932 servorum
797 2891 912 2932 manus
934 2871 967 2933 in
991 2870 1097 2932 insula
1112 2875 1246 2952 vagatus
1271 2888 1340 2930 esse
1361 2866 1450 2929 nullo

332 2975 427 3039 modo
453 2977 580 3057 mirum,
615 2997 686 3039 cum
711 2976 861 3041 initalia
886 3000 948 3042 non
973 2978 1077 3042 solum
1100 2977 1213 3061 primis
1235 2981 1308 3061 post
1330 2974 1449 3038 bellurn

330 3081 533 3167 Spartacium
557 3084 731 3167 mensibus,
756 3086 812 3149 sed
835 3086 931 3148 etiam
953 3093 1066 3150 octavo
1088 3107 1172 3148 anno
1193 3091 1266 3168 post
1280 3081 1450 3147 latrocinia

328 3192 427 3255 fuisse
452 3186 630 3272 sciamus&

377 3297 478 3362 VIIb.
504 3330 536 3348 =
560 3319 626 3363 cxc.
652 3301 693 3363 de
717 3302 886 3366 11113141
910 3324 962 3366 res
985 3302 1143 3366 Thraciae
1167 3301 1377 3384 explicantur.

418 3408 524 3470 Altius
560 3407 591 3471 in
628 3409 745 3472 librum
782 3410 978 3474 tricesimum
1013 3417 1164 3495 quartum
1199 3408 1350 3493 progredi
1385 3427 1449 3468 non

330 3536 460 3579 necesse
484 3521 545 3578 est:
571 3515 760 3596 Diodorum,
787 3539 861 3581 cum
884 3525 1007 3582 ceteras
1031 3540 1082 3581 res
1106 3518 1139 3580 in
1164 3538 1265 3580 annos
1282 3515 1449 3591 divideret⁷

329 3623 404 3688 belli
444 3623 568 3686 servilis
608 3626 826 3688 narrationem
867 3627 893 3688 si
931 3647 993 3688 non
1029 3627 1127 3688 totius
1162 3632 1267 3688 tamen
1305 3623 1447 3708 priorum

330 3753 488 3794 annorum
521 3753 622 3814 usque
656 3733 697 3794 ad
731 3733 863 3797 minime
896 3755 1017 3796 anuum
1049 3735 1111 3797 133
1140 3754 1203 3796 non
1237 3730 1450 3814 interrupisse

330 3839 394 3901 iam
423 3839 455 3900 in
491 3845 601 3922 aperta
636 3847 698 3917 est3
738 3862 835 3923 quam
868 3841 1002 3904 obrem
1031 3840 1292 3924 quandoquidem
1321 3838 1450 3901 Livium

331 3946 403 4008 inde
441 3946 480 4008 ab
521 3968 604 4010 anno
637 3947 733 4011 Fulvi
768 3949 903 4012 diversis
936 3949 1025 4013 libris
1060 3971 1112 4012 res
1144 3954 1251 4031 gestas
1284 3966 1449 4010 servorum

335 4089 535 4098 ῃ-..-

426 4178 449 4242 1)
471 4177 601 4232 Buecher
619 4194 646 4246 p.
660 4181 696 4232 60
715 4178 751 4232 de
773 4193 849 4232 aurio
869 4178 994 4234 dubitat.

418 4269 446 4332 a)
468 4267 524 4322 Cic.
539 4271 586 4322 act
609 4268 633 4322 11
653 4270 681 4323 in
699 4269 815 4324 Verrem
837 4273 862 4337 2,
876 4272 923 4337 99;
944 4269 1059 4324 Sueten.
1075 4268 1172 4324 Octav.
1193 4274 1217 4322 3.
