3367 5184
704 638 924 698 ..29..-

252 812 370 896 πολλὰς
398 813 503 890 πόλεις
529 811 773 898 teudalensem
810 835 893 897 quae
920 836 994 878 cum
1022 817 1067 878 ita
1090 815 1154 878 sint
1176 813 1368 892 Diodorum,

252 922 319 985 sive
343 922 446 1004 mavis
474 919 698 1000 Posidonium,
733 922 859 986 initium
885 923 1041 991 turnultus
1066 922 1166 986 Siculi
1188 921 1368 984 boomodo

252 1027 386 1092 definire
419 1034 604 1092 contentum
632 1051 701 1092 esse
734 1029 849 1108 elucet,
884 1030 982 1093 veluti
1018 1031 1204 1114 Appianum
1240 1029 1369 1112 quando

253 1135 300 1199 Ti.
327 1135 493 1200 Gracchus
521 1137 674 1200 occiderit
701 1137 747 1200 sic
775 1137 904 1200 tradere
927 1137 1063 1221 legimus
1088 1136 1288 1215 b.eiv.1,1‘l
1315 1137 1369 1200 καὶ

251 1243 325 1331 τάδε
354 1245 408 1328 μὲν
439 1241 477 1328 ἦν
505 1246 557 1308 ὅτε
584 1240 793 1329 Ἀριστόνικος
816 1239 978 1328 Ῥωμαίοις
1006 1247 1074 1328 περὶ
1097 1254 1152 1328 τῆς
1174 1246 1274 1328 ἀρχῆς
1297 1243 1369 1309 ἐπο-

252 1351 336 1434 λέμει
359 1361 420 1438 τῆς
436 1351 469 1415 ἐν
493 1346 604 1416 Ἀσίαι.
651 1351 748 1414 Haud
763 1372 841 1414 raro
866 1351 1005 1435 denique
1031 1373 1138 1414 rerum
1161 1351 1371 1434 scriptoribus

252 1460 386 1543 placuit,
427 1465 460 1522 ut
488 1479 526 1520 ea
555 1479 637 1540 quae
661 1457 693 1520 iu
718 1458 854 1521 diversis
877 1457 1050 1542 provinciis
1074 1458 1161 1522 faeta
1184 1465 1260 1520 suut
1281 1480 1369 1522 com-

252 1573 413 1650 pararent,
429 1567 495 1629 sive
508 1587 559 1628 res
571 1566 654 1628 iuter
667 1587 701 1628 se
715 1565 904 1628 coniunctae
917 1573 1017 1643 erant,
1029 1567 1096 1629 siva
1112 1567 1282 1644 adversae,
1307 1589 1370 1650 qua

253 1675 376 1737 ratione
400 1674 536 1736 alterum
556 1671 676 1736 bellum
701 1673 816 1736 servile
832 1673 996 1736 Diodorus
1013 1675 1065 1753 36,
1083 1673 1113 1752 3,
1134 1677 1149 1735 1
1176 1675 1221 1738 sic
1237 1697 1371 1739 narrare

252 1782 377 1865 incipit:
394 1783 476 1847 κατὰ
485 1783 547 1864 ’τὴν
563 1781 613 1844 ἐπὶ
628 1783 699 1856 τοὺς
714 1779 870 1865 Κίμβρους
884 1790 939 1844 τοῦ
955 1779 1074 1865 Μαρίου
1087 1782 1249 1866 στρατείαν
1259 1803 1291 1845 κ.
1301 1804 1329 1846 τ.
1340 1783 1368 1846 λ.

341 1888 475 1952 Praeter
504 1889 562 1950 bas
593 1909 672 1971 quas
703 1887 769 1950 dixi
798 1888 888 1950 nulla
918 1895 1006 1952 certa
1035 1890 1187 1972 temporis
1218 1890 1370 1953 indicatio

231 2013 312 2060 'neo
335 1996 463 2079 integra
486 2016 545 2058 neo
568 1995 760 2078 interpolata
784 1995 870 2078 apud
893 1994 1073 2058 Diodorum
1098 2002 1215 2075 exstat3
1243 2018 1308 2080 qua
1331 1996 1370 2059 de

254 2125 351 2167 (rausa
374 2123 460 2168 nuuc
483 2103 516 2166 iu
540 2103 643 2186 ipsam
660 2103 908 2186 descriptionem
925 2103 1080 2166 tumultus
1097 2103 1189 2166 nobis
1205 2103 1370 2186 inquiren-

154 2249 156 2254 =
254 2212 331 2274 ilum
355 2216 531 2293 estusque
556 2209 643 2272 aliud
667 2210 842 2292 quaeritur,
876 2211 937 2272 nisi
961 2231 1025 2292 quo
1049 2231 1133 2274 auno
1157 2209 1269 2274 Eunus
1298 2230 1370 2273 oum

254 2318 416 2382 sodalibus
441 2318 596 2380 seditione
619 2317 706 2380 facta
729 2323 841 2380 contra
861 2316 1026 2380 Romanos
1049 2326 1195 2402 pugnare
1218 2319 1370 2400 coeperit.

224 2486 227 2495 ,
254 2426 317 2497 Qui
330 2447 403 2488 oum
416 2426 517 2488 tribus
530 2425 653 2504 diebus,
667 2431 836 2509 postquam
849 2425 970 2508 impetu
982 2431 1113 2508 repente
1123 2424 1209 2489 facto
1219 2425 1370 2488 Hennam

255 2535 366 2597 urbem
391 2538 618 2617 occupaverat,
651 2553 724 2596 curn
748 2554 804 2596 sex
827 2532 957 2596 milibus
979 2554 1146 2596 servorum
1169 2533 1372 2616 praetoribus

254 2640 410 2704 Romanis
438 2640 586 2704 resistere
614 2641 679 2704 iam
707 2661 771 2704 non
801 2640 962 2704 dubitaret
985 2641 1139 2724 brevique
1164 2647 1236 2723 post
1259 2640 1370 2703 decern

255 2749 383 2813 milibus
423 2748 542 2812 coactis
576 2747 741 2812 Romanos
783 2769 880 2832 saepe
920 2769 1091 2831 aggressus
1128 2767 1371 2829 nonnumquam

254 2855 410 2933 vinceret,
445 2853 544 2918 Oleon
576 2855 659 2919 Cilix
691 2855 791 2920 altero
822 2855 961 2919 tumultu
991 2861 1078 2918 moto
1111 2855 1253 2937 quinque
1283 2854 1372 2916 milia

255 2964 420 3025 hominum
449 2952 594 3046 collegit,
637 2964 797 3026 tricesimo
829 2963 881 3026 die
905 2963 1015 3045 copias
1039 2982 1112 3026 oum
1134 2961 1228 3024 Euno
1252 2961 1370 3027 iunxit:
1408 2986 1410 2989 ·

254 3069 364 3155 ἡμέραι
394 3065 421 3132 δ’
443 3070 536 3152 ἐγγὺς
562 3069 641 3154 ἦσαν
670 3072 732 3134 ἀπὸ
760 3081 814 3154 τῆς
846 3069 1049 3144 ἀποστάσεως
1078 3069 1244 3153 τριάκοντα
1275 3067 1371 3149 §173

255 3177 369 3260 quibus
393 3177 500 3240 verbis
524 3179 712 3262 praesertim
730 3199 802 3240 cum
819 3177 986 3240 celerrime
1003 3178 1177 3240 maximum
1195 3177 1370 3238 exercitum

255 3305 420 3348 servorum
456 3285 553 3347 duces
588 3285 777 3348 conflavisse
812 3294 974 3348 asseveret
1011 3283 1186 3362 Diodorus,
1226 3282 1282 3366 qui
1316 3283 1371 3345 ubi

255 3392 394 3475 primurn
419 3391 454 3454 L.
472 3391 642 3476 Hypsaeus
664 3391 768 3456 Roma
791 3391 932 3454 venisset
955 3391 1069 3475 viginti
1094 3391 1182 3454 milia
1206 3389 1372 3454 homiuum

255 3520 364 3562 servos
399 3500 442 3562 ei·
463 3500 650 3582 opposuisse
687 3506 719 3562 et
752 3499 849 3583 paulo
885 3504 958 3582 post
991 3499 1098 3562 decies
1122 3505 1211 3561 tanto
1251 3498 1372 3560 maiore

256 3607 397 3670 exercitu
426 3607 568 3670 Siciliam
593 3606 768 3670 vastavisse
792 3606 883 3686 dicit,
919 3607 995 3690 quin
1020 3607 1060 3668 de
1083 3604 1169 3668 Enni
1192 3604 1372 3668 delectione

255 3712 457 3795 cogitaverit,
490 3714 544 3776 vix
571 3714 711 3776 dubitari
740 3719 854 3798 potest.
908 3713 979 3777 Hoc
1006 3715 1076 3797 ipso
1099 3713 1169 3776 loco
1192 3713 1373 3796 interrupta

255 3819 450 3900 narratione,
475 3821 661 3903 priusquam
684 3827 807 3884 ceteras
827 3821 860 3884 in
877 3819 986 3884 Sicilia
1001 3826 1109 3904 gestas
1124 3841 1176 3884 res
1191 3819 1373 3883 describere

255 3933 417 4008 pergeret,
458 3928 496 3990 de
529 3928 757 3992 rebellionibus
789 3949 874 4013 quae
904 3927 936 3990 in
966 3928 1102 3990 diversis
1129 3927 1303 4011 provinciis
1331 3927 1372 3990 ab

257 4033 432 4097 Siciliensis
455 4036 533 4098 mali
549 4035 669 4118 fomite,
693 4042 729 4100 ut
745 4036 840 4099 Orosi
856 4035 963 4099 verbis
980 4042 1062 4114 utar,
1087 4035 1179 4118 quasi
1195 4035 1372 4098 seminatae

256 4146 362 4202 essent
396 4142 525 4205 rettulit.
573 4143 702 4228 Optime
737 4143 835 4227 igitur
869 4140 1049 4206 Diodorum
1078 4162 1152 4204 oum
1175 4140 1266 4204 Livio
1295 4162 1371 4204 con·
1414 4179 1418 4186 -

255 4248 365 4312 venire
401 4271 465 4313 non
500 4252 603 4315 solum
639 4251 811 4316 seditiones
847 4271 1012 4314 servorum
1048 4249 1165 4332 quibus
1199 4271 1263 4312 non
1298 4255 1373 4312 ante
