<?xml version="1.0" encoding="UTF-8"?>
<!DOCTYPE html PUBLIC "-//W3C//DTD XHTML 1.0 Transitional//EN"
    "http://www.w3.org/TR/xhtml1/DTD/xhtml1-transitional.dtd">
<html xmlns="http://www.w3.org/1999/xhtml" xml:lang="en" lang="en">
 <head>
  <title>
</title>
<meta http-equiv="Content-Type" content="text/html;charset=utf-8" />
  <meta name='ocr-system' content='tesseract 3.04.00' />
  <meta name='ocr-capabilities' content='ocr_page ocr_carea ocr_par ocr_line ocrx_word'/>
</head>
<body>
  <div class='ocr_page' id='page_1' title='image "./deromanorvmbell00rathgoog_0042.png"; bbox 0 0 3367 5184; ppageno 0'>
   <div class='ocr_carea' id='block_1_1' title="bbox 773 700 992 762">
    <p class='ocr_par' dir='ltr' id='par_1_1' title="bbox 773 700 992 762">
     <span class='ocr_line' id='line_1_1' title="bbox 773 700 992 762; baseline 0 -20"><span class='ocrx_word' id='word_1_1' title='bbox 773 700 992 762; x_wconf 67' lang='grc'>,36-</span> 
     </span>
    </p>
   </div>
   <div class='ocr_carea' id='block_1_2' title="bbox 315 875 1446 2570">
    <p class='ocr_par' dir='ltr' id='par_1_2' title="bbox 315 875 1446 2335">
     <span class='ocr_line' id='line_1_2' title="bbox 315 875 1444 962; baseline -0.004 -20"><span class='ocrx_word' id='word_1_2' title='bbox 315 879 483 962; x_wconf 88' lang='lat' dir='ltr'>scripsisse</span> <span class='ocrx_word' id='word_1_3' title='bbox 507 877 656 942; x_wconf 84' lang='lat' dir='ltr'>nonnulli</span> <span class='ocrx_word' id='word_1_4' title='bbox 679 878 740 941; x_wconf 82' lang='lat' dir='ltr'>uiri</span> <span class='ocrx_word' id='word_1_5' title='bbox 766 878 852 940; x_wconf 91' lang='lat' dir='ltr'>docti</span> <span class='ocrx_word' id='word_1_6' title='bbox 875 878 993 955; x_wconf 87' lang='lat' dir='ltr'>dicant,</span> <span class='ocrx_word' id='word_1_7' title='bbox 1019 875 1074 939; x_wconf 89' lang='lat' dir='ltr'>alii</span> <span class='ocrx_word' id='word_1_8' title='bbox 1096 877 1142 938; x_wconf 88' lang='lat' dir='ltr'>ita</span> <span class='ocrx_word' id='word_1_9' title='bbox 1165 898 1239 939; x_wconf 93' lang='lat' dir='ltr'>eum</span> <span class='ocrx_word' id='word_1_10' title='bbox 1263 877 1369 961; x_wconf 88' lang='lat' dir='ltr'>potius</span> <span class='ocrx_word' id='word_1_11' title='bbox 1392 897 1444 938; x_wconf 89' lang='lat' dir='ltr'>res</span> 
     </span>
     <span class='ocr_line' id='line_1_3' title="bbox 318 982 1445 1069; baseline 0 -22"><span class='ocrx_word' id='word_1_12' title='bbox 318 982 493 1049; x_wconf 87' lang='lat' dir='ltr'>adornasse</span> <span class='ocrx_word' id='word_1_13' title='bbox 509 992 633 1069; x_wconf 89' lang='lat' dir='ltr'>putent,</span> <span class='ocrx_word' id='word_1_14' title='bbox 651 991 694 1064; x_wconf 93' lang='lat' dir='ltr'>ut,</span> <span class='ocrx_word' id='word_1_15' title='bbox 712 985 765 1048; x_wconf 90' lang='lat' dir='ltr'>uhi</span> <span class='ocrx_word' id='word_1_16' title='bbox 784 992 901 1049; x_wconf 86' lang='lat' dir='ltr'>natura</span> <span class='ocrx_word' id='word_1_17' title='bbox 917 985 963 1048; x_wconf 88' lang='lat' dir='ltr'>rei</span> <span class='ocrx_word' id='word_1_18' title='bbox 979 984 1143 1068; x_wconf 87' lang='lat' dir='ltr'>postulare</span> <span class='ocrx_word' id='word_1_19' title='bbox 1158 984 1332 1063; x_wconf 83' lang='lat' dir='ltr'>videretur,</span> <span class='ocrx_word' id='word_1_20' title='bbox 1349 982 1445 1047; x_wconf 93' lang='lat' dir='ltr'>modo</span> 
     </span>
     <span class='ocr_line' id='line_1_4' title="bbox 319 1090 1444 1176; baseline -0.001 -22"><span class='ocrx_word' id='word_1_21' title='bbox 319 1093 519 1176; x_wconf 90' lang='lat' dir='ltr'>singulorum</span> <span class='ocrx_word' id='word_1_22' title='bbox 546 1113 704 1156; x_wconf 89' lang='lat' dir='ltr'>annorum</span> <span class='ocrx_word' id='word_1_23' title='bbox 730 1093 899 1155; x_wconf 84' lang='lat' dir='ltr'><strong>materiam</strong></span> <span class='ocrx_word' id='word_1_24' title='bbox 917 1091 1129 1175; x_wconf 87' lang='lat' dir='ltr'>disiungeret,</span> <span class='ocrx_word' id='word_1_25' title='bbox 1154 1112 1250 1175; x_wconf 81' lang='lat' dir='ltr'>saepe</span> <span class='ocrx_word' id='word_1_26' title='bbox 1273 1112 1338 1154; x_wconf 90' lang='lat' dir='ltr'>uno</span> <span class='ocrx_word' id='word_1_27' title='bbox 1361 1090 1444 1154; x_wconf 89' lang='lat' dir='ltr'>libro</span> 
     </span>
     <span class='ocr_line' id='line_1_5' title="bbox 319 1198 1442 1283; baseline -0.001 -22"><span class='ocrx_word' id='word_1_28' title='bbox 319 1201 405 1282; x_wconf 71' lang='lat' dir='ltr'>‹puod</span> <span class='ocrx_word' id='word_1_29' title='bbox 437 1200 586 1283; x_wconf 93' lang='lat' dir='ltr'>pluribus</span> <span class='ocrx_word' id='word_1_30' title='bbox 622 1199 715 1262; x_wconf 87' lang='lat' dir='ltr'>annis</span> <span class='ocrx_word' id='word_1_31' title='bbox 747 1199 780 1262; x_wconf 91' lang='lat' dir='ltr'>in</span> <span class='ocrx_word' id='word_1_32' title='bbox 813 1221 878 1262; x_wconf 93' lang='lat' dir='ltr'>una</span> <span class='ocrx_word' id='word_1_33' title='bbox 911 1199 1089 1282; x_wconf 86' lang='lat' dir='ltr'>eademque</span> <span class='ocrx_word' id='word_1_34' title='bbox 1122 1198 1289 1282; x_wconf 86' lang='lat' dir='ltr'>provincia</span> <span class='ocrx_word' id='word_1_35' title='bbox 1321 1198 1442 1260; x_wconf 89' lang='lat' dir='ltr'>factum</span> 
     </span>
     <span class='ocr_line' id='line_1_6' title="bbox 319 1305 1444 1390; baseline 0 -22"><span class='ocrx_word' id='word_1_36' title='bbox 319 1313 403 1370; x_wconf 83' lang='lat' dir='ltr'>esset</span> <span class='ocrx_word' id='word_1_37' title='bbox 436 1306 734 1390; x_wconf 81' lang='lat' dir='ltr'>comprehenderet.</span> <span class='ocrx_word' id='word_1_38' title='bbox 783 1305 879 1369; x_wconf 86' lang='lat' dir='ltr'>Hanc</span> <span class='ocrx_word' id='word_1_39' title='bbox 912 1305 1104 1370; x_wconf 87' lang='lat' dir='ltr'>senteutiam</span> <span class='ocrx_word' id='word_1_40' title='bbox 1127 1306 1216 1368; x_wconf 83' lang='lat' dir='ltr'>velut</span> <span class='ocrx_word' id='word_1_41' title='bbox 1240 1326 1444 1368; x_wconf 89' lang='lat' dir='ltr'>communem</span> 
     </span>
     <span class='ocr_line' id='line_1_7' title="bbox 319 1412 1445 1497; baseline -0.001 -22"><span class='ocrx_word' id='word_1_42' title='bbox 319 1413 503 1496; x_wconf 85' lang='lat' dir='ltr'>opinionem</span> <span class='ocrx_word' id='word_1_43' title='bbox 527 1413 660 1497; x_wconf 86' lang='lat' dir='ltr'>probari</span> <span class='ocrx_word' id='word_1_44' title='bbox 684 1414 842 1492; x_wconf 86' lang='lat' dir='ltr'>videmus,</span> <span class='ocrx_word' id='word_1_45' title='bbox 873 1413 950 1476; x_wconf 91' lang='lat' dir='ltr'>dum</span> <span class='ocrx_word' id='word_1_46' title='bbox 975 1412 1109 1475; x_wconf 85' lang='lat' dir='ltr'>alteram</span> <span class='ocrx_word' id='word_1_47' title='bbox 1125 1412 1238 1496; x_wconf 84' lang='lat' dir='ltr'>Unger</span> <span class='ocrx_word' id='word_1_48' title='bbox 1261 1413 1445 1475; x_wconf 81' lang='lat' dir='ltr'>doctissima</span> 
     </span>
     <span class='ocr_line' id='line_1_8' title="bbox 319 1519 1443 1604; baseline -0.003 -21"><span class='ocrx_word' id='word_1_49' title='bbox 319 1521 373 1584; x_wconf 86' lang='lat' dir='ltr'>illa</span> <span class='ocrx_word' id='word_1_50' title='bbox 397 1527 429 1584; x_wconf 88' lang='lat' dir='ltr'>et</span> <span class='ocrx_word' id='word_1_51' title='bbox 452 1521 617 1584; x_wconf 89' lang='lat' dir='ltr'>uberrima</span> <span class='ocrx_word' id='word_1_52' title='bbox 640 1521 880 1600; x_wconf 74' lang='lat' dir='ltr'>dissertatione,</span> <span class='ocrx_word' id='word_1_53' title='bbox 916 1541 1013 1604; x_wconf 90' lang='lat' dir='ltr'>quam</span> <span class='ocrx_word' id='word_1_54' title='bbox 1038 1520 1166 1604; x_wconf 90' lang='lat' dir='ltr'>saepius</span> <span class='ocrx_word' id='word_1_55' title='bbox 1191 1519 1443 1595; x_wconf 85' lang='lat' dir='ltr'>nominavimus,</span> 
     </span>
     <span class='ocr_line' id='line_1_9' title="bbox 319 1613 1444 1714; baseline -0.003 -24"><span class='ocrx_word' id='word_1_56' title='bbox 319 1628 410 1692; x_wconf 89' lang='lat' dir='ltr'>novis</span> <span class='ocrx_word' id='word_1_57' title='bbox 441 1613 641 1714; x_wconf 82' lang='lat' dir='ltr'>argumentis</span> <span class='ocrx_word' id='word_1_58' title='bbox 670 1629 804 1712; x_wconf 86' lang='lat' dir='ltr'>prolatis</span> <span class='ocrx_word' id='word_1_59' title='bbox 830 1628 991 1691; x_wconf 88' lang='lat' dir='ltr'>mordicus</span> <span class='ocrx_word' id='word_1_60' title='bbox 1015 1627 1160 1690; x_wconf 80' lang='lat' dir='ltr'>defendit</span> <span class='ocrx_word' id='word_1_61' title='bbox 1183 1647 1288 1709; x_wconf 90' lang='lat' dir='ltr'>neque</span> <span class='ocrx_word' id='word_1_62' title='bbox 1311 1626 1444 1688; x_wconf 90' lang='lat' dir='ltr'>minimo</span> 
     </span>
     <span class='ocr_line' id='line_1_10' title="bbox 319 1719 1443 1820; baseline -0.004 -22"><span class='ocrx_word' id='word_1_63' title='bbox 319 1737 356 1798; x_wconf 87' lang='lat' dir='ltr'>iis</span> <span class='ocrx_word' id='word_1_64' title='bbox 385 1757 468 1820; x_wconf 91' lang='lat' dir='ltr'>quae</span> <span class='ocrx_word' id='word_1_65' title='bbox 500 1758 553 1807; x_wconf 83' lang='lat' dir='ltr'>ex.</span> <span class='ocrx_word' id='word_1_66' title='bbox 572 1742 684 1800; x_wconf 78' lang='lat' dir='ltr'>octavo</span> <span class='ocrx_word' id='word_1_67' title='bbox 715 1735 870 1800; x_wconf 91' lang='lat' dir='ltr'>Posidoui</span> <span class='ocrx_word' id='word_1_68' title='bbox 898 1735 980 1798; x_wconf 90' lang='lat' dir='ltr'>libro</span> <span class='ocrx_word' id='word_1_69' title='bbox 1009 1735 1050 1797; x_wconf 90' lang='lat' dir='ltr'>ad</span> <span class='ocrx_word' id='word_1_70' title='bbox 1079 1755 1152 1797; x_wconf 87' lang='lat' dir='ltr'>eam</span> <span class='ocrx_word' id='word_1_71' title='bbox 1189 1719 1443 1796; x_wconf 85' lang='lat' dir='ltr'>confirmandam</span> 
     </span>
     <span class='ocr_line' id='line_1_11' title="bbox 319 1840 1446 1927; baseline -0.004 -22"><span class='ocrx_word' id='word_1_72' title='bbox 319 1843 427 1907; x_wconf 86' lang='lat' dir='ltr'>offerri</span> <span class='ocrx_word' id='word_1_73' title='bbox 450 1864 544 1927; x_wconf 89' lang='lat' dir='ltr'>posse</span> <span class='ocrx_word' id='word_1_74' title='bbox 569 1843 712 1926; x_wconf 71' lang='lat' dir='ltr'>putavit,</span> <span class='ocrx_word' id='word_1_75' title='bbox 753 1843 806 1927; x_wconf 89' lang='lat' dir='ltr'>qui</span> <span class='ocrx_word' id='word_1_76' title='bbox 831 1842 983 1926; x_wconf 89' lang='lat' dir='ltr'>primum,</span> <span class='ocrx_word' id='word_1_77' title='bbox 1006 1841 1040 1904; x_wconf 92' lang='lat' dir='ltr'>id</span> <span class='ocrx_word' id='word_1_78' title='bbox 1065 1841 1149 1924; x_wconf 88' lang='lat' dir='ltr'>quod</span> <span class='ocrx_word' id='word_1_79' title='bbox 1173 1842 1238 1903; x_wconf 85' lang='lat' dir='ltr'>iam</span> <span class='ocrx_word' id='word_1_80' title='bbox 1262 1840 1372 1902; x_wconf 87' lang='lat' dir='ltr'>multis</span> <span class='ocrx_word' id='word_1_81' title='bbox 1394 1861 1446 1902; x_wconf 81' lang='lat' dir='ltr'>re·</span> 
     </span>
     <span class='ocr_line' id='line_1_12' title="bbox 319 1947 1444 2030; baseline -0.002 -19"><span class='ocrx_word' id='word_1_82' title='bbox 319 1949 473 2030; x_wconf 80' lang='lat' dir='ltr'>sellimus,</span> <span class='ocrx_word' id='word_1_83' title='bbox 508 1950 637 2013; x_wconf 89' lang='lat' dir='ltr'>Livium</span> <span class='ocrx_word' id='word_1_84' title='bbox 675 1951 885 2014; x_wconf 89' lang='lat' dir='ltr'>Posidonium</span> <span class='ocrx_word' id='word_1_85' title='bbox 918 1971 983 2014; x_wconf 90' lang='lat' dir='ltr'>non</span> <span class='ocrx_word' id='word_1_86' title='bbox 1020 1954 1165 2012; x_wconf 86' lang='lat' dir='ltr'>secutum</span> <span class='ocrx_word' id='word_1_87' title='bbox 1189 1969 1260 2011; x_wconf 89' lang='lat' dir='ltr'>esse</span> <span class='ocrx_word' id='word_1_88' title='bbox 1290 1947 1444 2023; x_wconf 82' lang='lat' dir='ltr'>affirmat,</span> 
     </span>
     <span class='ocr_line' id='line_1_13' title="bbox 319 2055 1445 2147; baseline -0.003 -29"><span class='ocrx_word' id='word_1_89' title='bbox 319 2065 386 2119; x_wconf 88' lang='lat' dir='ltr'>tum</span> <span class='ocrx_word' id='word_1_90' title='bbox 426 2057 609 2147; x_wconf 88' lang='lat' dir='ltr'>Diodorum</span> <span class='ocrx_word' id='word_1_91' title='bbox 648 2079 712 2120; x_wconf 92' lang='lat' dir='ltr'>uuo</span> <span class='ocrx_word' id='word_1_92' title='bbox 753 2063 785 2120; x_wconf 90' lang='lat' dir='ltr'>et</span> <span class='ocrx_word' id='word_1_93' title='bbox 822 2063 978 2141; x_wconf 90' lang='lat' dir='ltr'>perpetuo</span> <span class='ocrx_word' id='word_1_94' title='bbox 1017 2062 1128 2120; x_wconf 90' lang='lat' dir='ltr'>tenore</span> <span class='ocrx_word' id='word_1_95' title='bbox 1168 2055 1287 2118; x_wconf 89' lang='lat' dir='ltr'>bellum</span> <span class='ocrx_word' id='word_1_96' title='bbox 1328 2055 1445 2117; x_wconf 86' lang='lat' dir='ltr'>servile</span> 
     </span>
     <span class='ocr_line' id='line_1_14' title="bbox 320 2141 1442 2249; baseline -0.003 -23"><span class='ocrx_word' id='word_1_97' title='bbox 320 2141 639 2249; x_wconf 43' lang='lat' dir='ltr'>narravisse-“negem</span> <span class='ocrx_word' id='word_1_98' title='bbox 664 2164 749 2247; x_wconf 92' lang='lat' dir='ltr'>quod</span> <span class='ocrx_word' id='word_1_99' title='bbox 774 2185 839 2226; x_wconf 92' lang='lat' dir='ltr'>non</span> <span class='ocrx_word' id='word_1_100' title='bbox 860 2169 947 2226; x_wconf 89' lang='lat' dir='ltr'>recte</span> <span class='ocrx_word' id='word_1_101' title='bbox 963 2185 1037 2226; x_wconf 89' lang='lat' dir='ltr'>eum</span> <span class='ocrx_word' id='word_1_102' title='bbox 1054 2163 1254 2246; x_wconf 88' lang='lat' dir='ltr'>suspicatum</span> <span class='ocrx_word' id='word_1_103' title='bbox 1272 2182 1341 2224; x_wconf 88' lang='lat' dir='ltr'>esse</span> <span class='ocrx_word' id='word_1_104' title='bbox 1358 2182 1442 2223; x_wconf 86' lang='lat' dir='ltr'>nuno</span> 
     </span>
     <span class='ocr_line' id='line_1_15' title="bbox 319 2272 509 2335; baseline 0.005 -2"><span class='ocrx_word' id='word_1_105' title='bbox 319 2272 509 2335; x_wconf 76' lang='lat' dir='ltr'>videbimus.</span> 
     </span>
    </p>

    <p class='ocr_par' dir='ltr' id='par_1_3' title="bbox 320 2376 1446 2570">
     <span class='ocr_line' id='line_1_16' title="bbox 409 2376 1446 2468; baseline -0.001 -27"><span class='ocrx_word' id='word_1_106' title='bbox 409 2376 491 2441; x_wconf 82' lang='lat' dir='ltr'>Cum</span> <span class='ocrx_word' id='word_1_107' title='bbox 527 2377 694 2468; x_wconf 88' lang='lat' dir='ltr'>Diodorus</span> <span class='ocrx_word' id='word_1_108' title='bbox 730 2380 823 2443; x_wconf 87' lang='lat' dir='ltr'>tertio</span> <span class='ocrx_word' id='word_1_109' title='bbox 859 2385 892 2442; x_wconf 90' lang='lat' dir='ltr'>et</span> <span class='ocrx_word' id='word_1_110' title='bbox 927 2380 1087 2442; x_wconf 89' lang='lat' dir='ltr'>tricesimo</span> <span class='ocrx_word' id='word_1_111' title='bbox 1114 2378 1196 2441; x_wconf 88' lang='lat' dir='ltr'>libro</span> <span class='ocrx_word' id='word_1_112' title='bbox 1227 2399 1290 2460; x_wconf 91' lang='lat' dir='ltr'>qua</span> <span class='ocrx_word' id='word_1_113' title='bbox 1316 2377 1446 2440; x_wconf 86' lang='lat' dir='ltr'>fortuna</span> 
     </span>
     <span class='ocr_line' id='line_1_17' title="bbox 320 2483 1446 2570; baseline -0.002 -22"><span class='ocrx_word' id='word_1_114' title='bbox 320 2486 458 2549; x_wconf 85' lang='lat' dir='ltr'>Ronrani</span> <span class='ocrx_word' id='word_1_115' title='bbox 483 2487 515 2549; x_wconf 89' lang='lat' dir='ltr'>in</span> <span class='ocrx_word' id='word_1_116' title='bbox 539 2484 711 2550; x_wconf 80' lang='lat' dir='ltr'>Lusitania</span> <span class='ocrx_word' id='word_1_117' title='bbox 734 2488 784 2550; x_wconf 86' lang='lat' dir='ltr'>usi</span> <span class='ocrx_word' id='word_1_118' title='bbox 810 2488 883 2568; x_wconf 89' lang='lat' dir='ltr'>sint,</span> <span class='ocrx_word' id='word_1_119' title='bbox 908 2485 1068 2570; x_wconf 90' lang='lat' dir='ltr'>quomodo</span> <span class='ocrx_word' id='word_1_120' title='bbox 1092 2485 1212 2547; x_wconf 91' lang='lat' dir='ltr'>bellum</span> <span class='ocrx_word' id='word_1_121' title='bbox 1228 2483 1446 2567; x_wconf 86' lang='lat' dir='ltr'>Hispaniense</span> 
     </span>
    </p>
   </div>
   <div class='ocr_carea' id='block_1_3' title="bbox 225 2593 1446 2678">
    <p class='ocr_par' dir='ltr' id='par_1_4' title="bbox 225 2593 1446 2678">
     <span class='ocr_line' id='line_1_18' title="bbox 225 2593 1446 2678; baseline -0.002 -22"><span class='ocrx_word' id='word_1_122' title='bbox 225 2641 227 2645; x_wconf 68' lang='lat'>,</span> <span class='ocrx_word' id='word_1_123' title='bbox 320 2595 522 2676; x_wconf 85' lang='lat' dir='ltr'>processerit,</span> <span class='ocrx_word' id='word_1_124' title='bbox 547 2595 623 2678; x_wconf 87' lang='lat' dir='ltr'>quid</span> <span class='ocrx_word' id='word_1_125' title='bbox 641 2595 674 2657; x_wconf 90' lang='lat' dir='ltr'>in</span> <span class='ocrx_word' id='word_1_126' title='bbox 692 2593 786 2678; x_wconf 84' lang='lat' dir='ltr'>Syria</span> <span class='ocrx_word' id='word_1_127' title='bbox 810 2594 971 2672; x_wconf 88' lang='lat' dir='ltr'>acciderit,</span> <span class='ocrx_word' id='word_1_128' title='bbox 989 2593 1029 2656; x_wconf 86' lang='lat' dir='ltr'>ad</span> <span class='ocrx_word' id='word_1_129' title='bbox 1046 2611 1310 2675; x_wconf 89' lang='lat' dir='ltr'>unumquemque</span> <span class='ocrx_word' id='word_1_130' title='bbox 1327 2612 1446 2654; x_wconf 88' lang='lat' dir='ltr'>annum</span> 
     </span>
    </p>
   </div>
   <div class='ocr_carea' id='block_1_4' title="bbox 320 2699 1470 4394">
    <p class='ocr_par' dir='ltr' id='par_1_5' title="bbox 320 2699 1448 3408">
     <span class='ocr_line' id='line_1_19' title="bbox 321 2699 1446 2784; baseline -0.002 -22"><span class='ocrx_word' id='word_1_131' title='bbox 321 2721 393 2764; x_wconf 92' lang='lat' dir='ltr'>cum</span> <span class='ocrx_word' id='word_1_132' title='bbox 417 2700 586 2784; x_wconf 85' lang='lat' dir='ltr'>diligentia</span> <span class='ocrx_word' id='word_1_133' title='bbox 610 2701 742 2780; x_wconf 84' lang='lat' dir='ltr'>referat,</span> <span class='ocrx_word' id='word_1_134' title='bbox 769 2721 805 2764; x_wconf 89' lang='lat' dir='ltr'>eo</span> <span class='ocrx_word' id='word_1_135' title='bbox 831 2702 950 2784; x_wconf 89' lang='lat' dir='ltr'>magis,</span> <span class='ocrx_word' id='word_1_136' title='bbox 981 2699 1068 2783; x_wconf 92' lang='lat' dir='ltr'>quod</span> <span class='ocrx_word' id='word_1_137' title='bbox 1091 2705 1205 2782; x_wconf 89' lang='lat' dir='ltr'>quarto</span> <span class='ocrx_word' id='word_1_138' title='bbox 1230 2705 1262 2761; x_wconf 92' lang='lat' dir='ltr'>et</span> <span class='ocrx_word' id='word_1_139' title='bbox 1284 2699 1446 2761; x_wconf 89' lang='lat' dir='ltr'>tricesimo</span> 
     </span>
     <span class='ocr_line' id='line_1_20' title="bbox 320 2805 1447 2893; baseline -0.003 -23"><span class='ocrx_word' id='word_1_140' title='bbox 320 2809 401 2871; x_wconf 87' lang='lat' dir='ltr'>libro</span> <span class='ocrx_word' id='word_1_141' title='bbox 426 2808 518 2871; x_wconf 89' lang='lat' dir='ltr'>aliter</span> <span class='ocrx_word' id='word_1_142' title='bbox 542 2829 609 2872; x_wconf 90' lang='lat' dir='ltr'>rem</span> <span class='ocrx_word' id='word_1_143' title='bbox 635 2807 775 2893; x_wconf 84' lang='lat' dir='ltr'>expedit,</span> <span class='ocrx_word' id='word_1_144' title='bbox 800 2830 864 2871; x_wconf 93' lang='lat' dir='ltr'>non</span> <span class='ocrx_word' id='word_1_145' title='bbox 891 2808 978 2870; x_wconf 89' lang='lat' dir='ltr'>casui</span> <span class='ocrx_word' id='word_1_146' title='bbox 997 2805 1202 2869; x_wconf 88' lang='lat' dir='ltr'>tribuendum</span> <span class='ocrx_word' id='word_1_147' title='bbox 1225 2812 1287 2886; x_wconf 71' lang='lat' dir='ltr'>est,</span> <span class='ocrx_word' id='word_1_148' title='bbox 1312 2827 1387 2868; x_wconf 88' lang='lat' dir='ltr'>nam</span> <span class='ocrx_word' id='word_1_149' title='bbox 1412 2813 1447 2867; x_wconf 93' lang='lat' dir='ltr'>ut</span> 
     </span>
     <span class='ocr_line' id='line_1_21' title="bbox 321 2913 1447 3000; baseline -0.002 -23"><span class='ocrx_word' id='word_1_150' title='bbox 321 2913 472 2977; x_wconf 87' lang='lat' dir='ltr'>Photium</span> <span class='ocrx_word' id='word_1_151' title='bbox 508 2922 763 2999; x_wconf 82' lang='lat' dir='ltr'>praetereamus,</span> <span class='ocrx_word' id='word_1_152' title='bbox 804 2914 1010 3000; x_wconf 76' lang='lat' dir='ltr'>quippejqui</span> <span class='ocrx_word' id='word_1_153' title='bbox 1046 2934 1111 2976; x_wconf 89' lang='lat' dir='ltr'>uuo</span> <span class='ocrx_word' id='word_1_154' title='bbox 1139 2918 1250 2976; x_wconf 91' lang='lat' dir='ltr'>tenore</span> <span class='ocrx_word' id='word_1_155' title='bbox 1280 2913 1363 2977; x_wconf 85' lang='lat' dir='ltr'>bello</span> <span class='ocrx_word' id='word_1_156' title='bbox 1391 2935 1447 2975; x_wconf 83' lang='lat' dir='ltr'>ex-</span> 
     </span>
     <span class='ocr_line' id='line_1_22' title="bbox 321 3019 1445 3108; baseline -0.002 -24"><span class='ocrx_word' id='word_1_157' title='bbox 321 3043 452 3106; x_wconf 86' lang='lat' dir='ltr'>cerpere</span> <span class='ocrx_word' id='word_1_158' title='bbox 490 3023 606 3105; x_wconf 86' lang='lat' dir='ltr'>soleat,</span> <span class='ocrx_word' id='word_1_159' title='bbox 669 3025 752 3087; x_wconf 90' lang='lat' dir='ltr'>sicut</span> <span class='ocrx_word' id='word_1_160' title='bbox 789 3046 819 3108; x_wconf 92' lang='lat' dir='ltr'>p.</span> <span class='ocrx_word' id='word_1_161' title='bbox 848 3021 1095 3086; x_wconf 76' lang='lat' dir='ltr'>523—524W</span> <span class='ocrx_word' id='word_1_162' title='bbox 1134 3020 1252 3083; x_wconf 92' lang='lat' dir='ltr'>bellum</span> <span class='ocrx_word' id='word_1_163' title='bbox 1292 3019 1445 3093; x_wconf 86' lang='lat' dir='ltr'>Viriathi,</span> 
     </span>
     <span class='ocr_line' id='line_1_23' title="bbox 321 3127 1445 3212; baseline 0 -23"><span class='ocrx_word' id='word_1_164' title='bbox 321 3130 543 3212; x_wconf 66' lang='lat' dir='ltr'>pana-537</span> <span class='ocrx_word' id='word_1_165' title='bbox 578 3132 715 3194; x_wconf 90' lang='lat' dir='ltr'>alterum</span> <span class='ocrx_word' id='word_1_166' title='bbox 749 3130 871 3193; x_wconf 88' lang='lat' dir='ltr'>bellum</span> <span class='ocrx_word' id='word_1_167' title='bbox 906 3128 1038 3208; x_wconf 89' lang='lat' dir='ltr'>servile,</span> <span class='ocrx_word' id='word_1_168' title='bbox 1077 3150 1107 3212; x_wconf 89' lang='lat' dir='ltr'>p.</span> <span class='ocrx_word' id='word_1_169' title='bbox 1138 3127 1288 3192; x_wconf 78' lang='lat'>538-41</span> <span class='ocrx_word' id='word_1_170' title='bbox 1327 3127 1445 3191; x_wconf 88' lang='lat' dir='ltr'>bellurn</span> 
     </span>
     <span class='ocr_line' id='line_1_24' title="bbox 321 3234 1448 3322; baseline -0.004 -22"><span class='ocrx_word' id='word_1_171' title='bbox 321 3238 449 3318; x_wconf 79' lang='lat' dir='ltr'>sociale,</span> <span class='ocrx_word' id='word_1_172' title='bbox 475 3238 561 3321; x_wconf 88' lang='lat' dir='ltr'>apud</span> <span class='ocrx_word' id='word_1_173' title='bbox 585 3239 725 3322; x_wconf 85' lang='lat' dir='ltr'>reliquos</span> <span class='ocrx_word' id='word_1_174' title='bbox 751 3244 953 3322; x_wconf 86' lang='lat' dir='ltr'>excerptores</span> <span class='ocrx_word' id='word_1_175' title='bbox 976 3237 1177 3300; x_wconf 87' lang='lat' dir='ltr'>narrationes</span> <span class='ocrx_word' id='word_1_176' title='bbox 1201 3235 1246 3298; x_wconf 88' lang='lat' dir='ltr'>sic</span> <span class='ocrx_word' id='word_1_177' title='bbox 1263 3234 1354 3316; x_wconf 89' lang='lat' dir='ltr'>sequi</span> <span class='ocrx_word' id='word_1_178' title='bbox 1371 3255 1448 3316; x_wconf 87' lang='lat' dir='ltr'>cog·-</span> 
     </span>
     <span class='ocr_line' id='line_1_25' title="bbox 321 3338 799 3408; baseline -0.002 0"><span class='ocrx_word' id='word_1_179' title='bbox 321 3346 500 3408; x_wconf 89' lang='lat' dir='ltr'>noscimus:</span> <span class='ocrx_word' id='word_1_180' title='bbox 797 3338 799 3343; x_wconf 69' lang='grc'><strong>’</strong></span> 
     </span>
    </p>

    <p class='ocr_par' dir='ltr' id='par_1_6' title="bbox 366 3447 1450 3537">
     <span class='ocr_line' id='line_1_26' title="bbox 366 3447 1450 3537; baseline -0.006 -22"><span class='ocrx_word' id='word_1_181' title='bbox 366 3450 391 3515; x_wconf 89' lang='grc' dir='ltr'>Ι.</span> <span class='ocrx_word' id='word_1_182' title='bbox 418 3483 451 3502; x_wconf 93' lang='lat'><strong><em>=</em></strong></span> <span class='ocrx_word' id='word_1_183' title='bbox 476 3451 569 3516; x_wconf 90' lang='lat' dir='ltr'>Phot.</span> <span class='ocrx_word' id='word_1_184' title='bbox 587 3475 618 3537; x_wconf 91' lang='lat' dir='ltr'>p.</span> <span class='ocrx_word' id='word_1_185' title='bbox 636 3451 716 3516; x_wconf 74' lang='lat'>524:</span> <span class='ocrx_word' id='word_1_186' title='bbox 764 3453 944 3516; x_wconf 81' lang='lat' dir='ltr'>Antiochus</span> <span class='ocrx_word' id='word_1_187' title='bbox 983 3473 1040 3514; x_wconf 80' lang='lat' dir='ltr'>rex</span> <span class='ocrx_word' id='word_1_188' title='bbox 1075 3450 1186 3534; x_wconf 84' lang='lat' dir='ltr'>Syriae</span> <span class='ocrx_word' id='word_1_189' title='bbox 1221 3447 1450 3531; x_wconf 85' lang='lat' dir='ltr'>Hierosolyma</span> 
     </span>
    </p>

    <p class='ocr_par' dir='ltr' id='par_1_7' title="bbox 411 3561 505 3644">
     <span class='ocr_line' id='line_1_27' title="bbox 411 3561 505 3644; baseline -0.043 -21"><span class='ocrx_word' id='word_1_190' title='bbox 411 3561 505 3644; x_wconf 89' lang='lat' dir='ltr'>capit.</span> 
     </span>
    </p>

    <p class='ocr_par' dir='ltr' id='par_1_8' title="bbox 365 3661 1446 3962">
     <span class='ocr_line' id='line_1_28' title="bbox 365 3661 1446 3745; baseline -0.006 -17"><span class='ocrx_word' id='word_1_191' title='bbox 365 3666 408 3730; x_wconf 89' lang='lat' dir='ltr'>Il.</span> <span class='ocrx_word' id='word_1_192' title='bbox 433 3696 469 3718; x_wconf 89' lang='lat'><strong><em>=</em></strong></span> <span class='ocrx_word' id='word_1_193' title='bbox 492 3688 558 3730; x_wconf 88' lang='lat' dir='ltr'>exc.</span> <span class='ocrx_word' id='word_1_194' title='bbox 586 3667 625 3730; x_wconf 87' lang='lat' dir='ltr'>de</span> <span class='ocrx_word' id='word_1_195' title='bbox 663 3668 735 3730; x_wconf 78' lang='lat' dir='ltr'>virt.</span> <span class='ocrx_word' id='word_1_196' title='bbox 759 3668 925 3745; x_wconf 75' lang='lat' dir='ltr'>aon—70,</span> <span class='ocrx_word' id='word_1_197' title='bbox 962 3666 1001 3728; x_wconf 91' lang='lat' dir='ltr'>de</span> <span class='ocrx_word' id='word_1_198' title='bbox 1036 3665 1170 3742; x_wconf 78' lang='lat' dir='ltr'>ins.20,</span> <span class='ocrx_word' id='word_1_199' title='bbox 1192 3664 1245 3741; x_wconf 79' lang='lat'>21,</span> <span class='ocrx_word' id='word_1_200' title='bbox 1290 3661 1330 3724; x_wconf 92' lang='lat' dir='ltr'>de</span> <span class='ocrx_word' id='word_1_201' title='bbox 1365 3667 1446 3724; x_wconf 87' lang='lat' dir='ltr'>seut.</span> 
     </span>
     <span class='ocr_line' id='line_1_29' title="bbox 462 3768 1444 3853; baseline -0.008 -17"><span class='ocrx_word' id='word_1_202' title='bbox 462 3775 645 3853; x_wconf 75' lang='lat' dir='ltr'>loo—102,</span> <span class='ocrx_word' id='word_1_203' title='bbox 675 3773 767 3836; x_wconf 90' lang='lat' dir='ltr'>Phot.</span> <span class='ocrx_word' id='word_1_204' title='bbox 787 3776 955 3838; x_wconf 78' lang='lat'><strong>524-29:</strong></span> <span class='ocrx_word' id='word_1_205' title='bbox 995 3773 1115 3835; x_wconf 89' lang='lat' dir='ltr'>bellum</span> <span class='ocrx_word' id='word_1_206' title='bbox 1140 3769 1254 3833; x_wconf 89' lang='lat' dir='ltr'>servile</span> <span class='ocrx_word' id='word_1_207' title='bbox 1279 3770 1312 3831; x_wconf 90' lang='lat' dir='ltr'>iu</span> <span class='ocrx_word' id='word_1_208' title='bbox 1336 3768 1444 3832; x_wconf 81' lang='lat' dir='ltr'>Sicilia</span> 
     </span>
     <span class='ocr_line' id='line_1_30' title="bbox 456 3882 586 3962; baseline 0 -19"><span class='ocrx_word' id='word_1_209' title='bbox 456 3882 586 3962; x_wconf 85' lang='lat' dir='ltr'>geritur.</span> 
     </span>
    </p>

    <p class='ocr_par' dir='ltr' id='par_1_9' title="bbox 368 3986 1183 4071">
     <span class='ocr_line' id='line_1_31' title="bbox 368 3986 1183 4071; baseline -0.004 -21"><span class='ocrx_word' id='word_1_210' title='bbox 368 3986 450 4050; x_wconf 89' lang='lat' dir='ltr'>llla.</span> <span class='ocrx_word' id='word_1_211' title='bbox 475 4015 511 4037; x_wconf 91' lang='lat'>=</span> <span class='ocrx_word' id='word_1_212' title='bbox 535 4009 601 4051; x_wconf 83' lang='lat' dir='ltr'>exo.</span> <span class='ocrx_word' id='word_1_213' title='bbox 627 3988 666 4052; x_wconf 89' lang='lat' dir='ltr'>de</span> <span class='ocrx_word' id='word_1_214' title='bbox 691 3988 761 4051; x_wconf 88' lang='lat' dir='ltr'>virt.</span> <span class='ocrx_word' id='word_1_215' title='bbox 781 3988 861 4051; x_wconf 82' lang='lat'>370:</span> <span class='ocrx_word' id='word_1_216' title='bbox 886 3988 926 4051; x_wconf 90' lang='lat' dir='ltr'>de</span> <span class='ocrx_word' id='word_1_217' title='bbox 949 4009 1049 4071; x_wconf 90' lang='lat' dir='ltr'>regno</span> <span class='ocrx_word' id='word_1_218' title='bbox 1073 3986 1183 4050; x_wconf 85' lang='lat' dir='ltr'>Attali.</span> 
     </span>
    </p>

    <p class='ocr_par' dir='ltr' id='par_1_10' title="bbox 367 4092 1445 4178">
     <span class='ocr_line' id='line_1_32' title="bbox 367 4092 1445 4178; baseline -0.003 -21"><span class='ocrx_word' id='word_1_219' title='bbox 367 4093 454 4158; x_wconf 90' lang='lat' dir='ltr'>Illb.</span> <span class='ocrx_word' id='word_1_220' title='bbox 479 4124 512 4144; x_wconf 84' lang='lat'><strong><em>=</em></strong></span> <span class='ocrx_word' id='word_1_221' title='bbox 537 4095 661 4158; x_wconf 83' lang='lat' dir='ltr'>exodo</span> <span class='ocrx_word' id='word_1_222' title='bbox 686 4102 766 4158; x_wconf 87' lang='lat' dir='ltr'>sent.</span> <span class='ocrx_word' id='word_1_223' title='bbox 788 4094 864 4158; x_wconf 87' lang='lat'>103:</span> <span class='ocrx_word' id='word_1_224' title='bbox 892 4095 931 4158; x_wconf 90' lang='lat' dir='ltr'>de</span> <span class='ocrx_word' id='word_1_225' title='bbox 948 4094 1049 4178; x_wconf 83' lang='lat' dir='ltr'>captis</span> <span class='ocrx_word' id='word_1_226' title='bbox 1073 4093 1266 4177; x_wconf 89' lang='lat' dir='ltr'>quibusdam</span> <span class='ocrx_word' id='word_1_227' title='bbox 1290 4092 1445 4156; x_wconf 89' lang='lat' dir='ltr'>barbaris.</span> 
     </span>
    </p>

    <p class='ocr_par' dir='ltr' id='par_1_11' title="bbox 323 4201 1470 4394">
     <span class='ocr_line' id='line_1_33' title="bbox 412 4201 1446 4287; baseline -0.002 -23"><span class='ocrx_word' id='word_1_228' title='bbox 412 4201 505 4272; x_wconf 84' lang='lat' dir='ltr'>Quod</span> <span class='ocrx_word' id='word_1_229' title='bbox 530 4201 606 4266; x_wconf 91' lang='lat' dir='ltr'>illud</span> <span class='ocrx_word' id='word_1_230' title='bbox 636 4208 804 4287; x_wconf 86' lang='lat' dir='ltr'>excerptor</span> <span class='ocrx_word' id='word_1_231' title='bbox 826 4204 896 4286; x_wconf 78' lang='grc' dir='ltr'><strong>περὶ</strong></span> <span class='ocrx_word' id='word_1_232' title='bbox 919 4203 1039 4286; x_wconf 77' lang='grc' dir='ltr'><strong>ἀρετῆς,</strong></span> <span class='ocrx_word' id='word_1_233' title='bbox 1063 4202 1124 4265; x_wconf 88' lang='lat' dir='ltr'>hoo</span> <span class='ocrx_word' id='word_1_234' title='bbox 1148 4203 1216 4284; x_wconf 80' lang='grc' dir='ltr'><em>περὶ</em></span> <span class='ocrx_word' id='word_1_235' title='bbox 1231 4209 1364 4284; x_wconf 79' lang='grc' dir='ltr'><strong>γνωμῶν</strong></span> <span class='ocrx_word' id='word_1_236' title='bbox 1380 4220 1446 4263; x_wconf 90' lang='lat' dir='ltr'>ser·</span> 
     </span>
     <span class='ocr_line' id='line_1_34' title="bbox 323 4307 1470 4394; baseline 0.003 -23"><span class='ocrx_word' id='word_1_237' title='bbox 323 4307 420 4388; x_wconf 83' lang='lat' dir='ltr'>vovit,</span> <span class='ocrx_word' id='word_1_238' title='bbox 444 4330 513 4389; x_wconf 91' lang='lat' dir='ltr'>nos,</span> <span class='ocrx_word' id='word_1_239' title='bbox 538 4316 644 4373; x_wconf 91' lang='lat' dir='ltr'>utrum</span> <span class='ocrx_word' id='word_1_240' title='bbox 667 4310 756 4394; x_wconf 84' lang='lat' dir='ltr'>prius</span> <span class='ocrx_word' id='word_1_241' title='bbox 772 4309 937 4374; x_wconf 90' lang='lat' dir='ltr'>Diodorus</span> <span class='ocrx_word' id='word_1_242' title='bbox 953 4310 1141 4388; x_wconf 83' lang='lat' dir='ltr'>narraverit,</span> <span class='ocrx_word' id='word_1_243' title='bbox 1165 4309 1366 4391; x_wconf 78' lang='lat' dir='ltr'>ignoramus,</span> <span class='ocrx_word' id='word_1_244' title='bbox 1391 4308 1470 4374; x_wconf 88' lang='lat' dir='ltr'>sed.</span> 
     </span>
    </p>
   </div>
   <div class='ocr_carea' id='block_1_5' title="bbox 0 0 1696 5184">
    <p class='ocr_par' dir='ltr' id='par_1_12' title="bbox 0 0 1696 5184">
     <span class='ocr_line' id='line_1_35' title="bbox 0 0 1696 5184; baseline 0 0"><span class='ocrx_word' id='word_1_245' title='bbox 0 0 1696 5184; x_wconf 95' lang='lat' dir='ltr'> </span> 
     </span>
    </p>
   </div>
  </div>
 </body>
</html>
