3367 5184
686 650 905 713 ,37-

237 829 316 894 nihil
326 829 433 909 refert,
448 851 523 893 nam
533 829 957 912 nostracognoscerepluris
968 829 1102 892 interest
1112 829 1362 903 barbarosillos‚

237 937 290 1020 qui
315 934 365 1000 ἐπὶ
389 937 461 1014 τοὺς
482 938 572 1022 ὅρους
595 947 648 1020 τῆς
673 935 787 1021 χώρας,
811 957 875 1000 non
901 937 941 999 ad
964 958 1053 1000 oram
1067 937 1209 1015 Siciliae,
1234 935 1359 999 abstra-

237 1045 367 1122 huntur,
392 1045 435 1108 ibi
460 1051 570 1128 captos
592 1064 746 1107 essenon
768 1064 877 1126 posse;
902 1051 1042 1106 ceterum
1064 1051 1185 1127 quauta
1205 1043 1359 1107 adversus

236 1153 390 1236 fugitivos
438 1151 621 1215 Sicilienses
668 1150 839 1213 severitate
887 1149 1026 1214 Romani
1074 1151 1360 1214 animadverterint

236 1264 347 1322 notum
372 1265 430 1338 est,
454 1259 510 1322 sed
535 1280 645 1322 eorum
671 1258 711 1320 de
735 1250 851 1341 quibus
875 1258 961 1341 apud
978 1257 1158 1322 Diodorum
1183 1257 1360 1343 accipimus
1426 1249 1428 1252 ’

237 1366 363 1446 multos,
389 1373 463 1429 ante
486 1386 606 1450 paucos
631 1365 699 1428 dies
723 1365 856 1444 liberos,
893 1374 969 1427 tunc
993 1367 1052 1451 οὐχ
1075 1365 1281 1449 ὑπομένοντας
1303 1364 1359 1445 τὴν

238 1471 277 1534 ἐκ
300 1481 355 1554 τῆς
378 1473 518 1549 δουλείας
541 1472 625 1557 ὕβριν
649 1479 751 1536 senret
773 1473 861 1558 ipsos
884 1493 1016 1536 necasse
1035 1474 1182 1556 legimns,
1207 1471 1282 1537 διότι
1305 1481 1360 1536 τοῦ

238 1582 294 1664 ζῆν
318 1582 406 1644 οὐδὲν
430 1581 514 1658 ἄξιον
538 1579 777 1658 κατελέλειπτο;
811 1600 871 1642 nec
896 1579 1026 1643 Siciliae
1049 1601 1163 1664 agrum
1188 1602 1297 1644 servos
1321 1580 1361 1641 dc

239 1687 319 1772 Syra
368 1694 423 1750 aut
471 1685 633 1750 Ciliciensi
670 1692 766 1770 gente
798 1692 891 1750 natos
926 1688 1085 1751 osculatos
1121 1709 1191 1751 esse
1227 1695 1361 1771 apparot

189 1777 191 1782 '
238 1815 343 1878 neque
367 1795 534 1878 pulverem
559 1799 663 1856 terrae
688 1793 785 1877 capiti
814 1793 1005 1876 imposuisse
1029 1796 1110 1858 ὥστε
1132 1795 1175 1870 εἰς
1197 1794 1285 1857 ἔλεον
1307 1796 1360 1856 καὶ

238 1900 438 1986 συμπάθειαν
461 1904 543 1966 ἅπαν
566 1909 718 1985 τραπῆναι
741 1902 777 1963 τδ
800 1901 1019 1985 στρατόπεδον.
1028 1897 1053 1978 1)

284 2017 340 2080 tv.
366 2047 399 2066 =
424 2037 490 2079 exc.
510 2017 549 2078 de
565 2017 636 2078 virt.
655 2015 730 2095 373,
755 2017 795 2078 de
820 2022 899 2079 sent.
922 2017 994 2096 103,
1023 2018 1098 2080 104:
1131 2017 1180 2081 De
1204 2017 1360 2080 seditione

375 2123 445 2186 Tib.
472 2121 620 2186 Gracchi.

329 2239 439 2324 Unger
471 2261 501 2322 p.
532 2240 593 2302 110
626 2260 693 2302 rem
725 2240 830 2325 potius
863 2262 947 2303 aurio
976 2241 1037 2305 136
1062 2241 1265 2304 tribuendam
1289 2262 1360 2303 esse

237 2347 372 2427 censuit,
390 2346 465 2429 quia
481 2347 571 2428 origo
585 2345 724 2410 Gracchi
740 2354 977 2427 ennarraretur,
994 2369 1091 2431 quam
1105 2347 1145 2411 ad
1163 2368 1282 2410 arritum
1301 2347 1360 2409 133

237 2477 257 2518 a
296 2454 440 2517 Diodoro
480 2453 589 2516 afferri
629 2475 662 2517 se
702 2475 766 2517 non
801 2465 931 2538 putare3
978 2463 1011 2518 at
1046 2455 1192 2518 conferas
1221 2453 1362 2539 Appiani

239 2563 432 2641 b.e.1,17.

284 2678 323 2740 V.
348 2707 383 2729 =
407 2700 473 2742 eac.
495 2679 535 2742 de
555 2679 627 2741 virt.
646 2677 725 2740 373:
761 2679 790 2740 oi
810 2677 903 2763 Σύροι
927 2679 955 2741 οἱ
984 2679 1131 2763 δραπέται
1154 2688 1216 2742 τῶν
1251 2679 1361 2762 αἰχμα-

373 2784 482 2851 λώτων
504 2789 559 2862 τὰς
575 2793 679 2871 χεῖρας
703 2785 880 2850 ἀπέκοπτον
903 2808 932 2848 κ.
949 2809 977 2850 τ.
994 2783 1023 2848 λ.

328 2901 494 2986 Fugitivos
528 2903 559 2964 in
594 2901 703 2964 Sicilia
735 2903 928 2966 rebellantes
952 2904 1034 2966 hanc
1059 2902 1281 2965 crudelitatem
1306 2923 1360 2964 ex-

240 3011 395 3088 ercuisse,
432 3011 517 3093 quod
540 3009 652 3092 Unger
676 3010 863 3091 arbitratur,
900 3017 1024 3074 tantum
1049 3011 1140 3074 abest
1162 3015 1198 3072 ut
1220 3009 1361 3093 placeat,

240 3119 429 3202 praesertim
460 3139 532 3180 cum
557 3117 603 3179 illi
635 3114 728 3201 Σύροι
761 3118 909 3203 δραπέται
943 3139 1120 3202 numquam
1145 3118 1361 3195 conducatur,

243 3233 277 3288 ut
301 3225 340 3288 de
363 3225 540 3288 Aristonici
563 3224 781 3287 tumultuariis
806 3226 955 3288 niariibus
979 3231 1165 3309 excerptum
1189 3245 1258 3286 esse
1282 3222 1364 3285 iudi·

241 3353 360 3395 cemus.

288 3449 342 3512 VI.
367 3461 430 3525 τοῖς
458 3458 674 3532 καταραγοῦσι
697 3449 768 3524 τοὺς
793 3446 973 3533 ἱερωμένους
998 3448 1090 3532 ἰχθῦς
1114 3450 1172 3510 οὐκ
1194 3445 1232 3530 ἦν
1255 3447 1363 3511 παῦλα

374 3567 434 3622 τῶν
457 3565 566 3620 κακῶν
589 3555 709 3619 κτλ.
735 3577 768 3596 =
793 3578 859 3620 exc.
886 3557 926 3620 de
950 3563 1029 3620 sent.
1050 3557 1123 3618 105.

333 3674 469 3757 Quoquo
506 3673 600 3736 modo
636 3694 687 3735 res
720 3693 793 3736 cum
826 3674 967 3757 piscibus
990 3673 1053 3736 illis
1076 3658 1112 3736 se
1132 3672 1244 3750 habet,
1284 3693 1363 3755 quos

244 3781 390 3844 Buecher
413 3804 444 3865 p.
463 3783 502 3844 67
529 3803 559 3844 n.
578 3782 598 3843 4
615 3780 701 3843 haud
726 3781 832 3864 inepte
850 3782 1031 3844 Arethusae
1047 3781 1145 3843 fontis
1162 3800 1232 3844 esse
1248 3779 1363 3842 collato

335 3998 360 4062 1)
380 3998 492 4052 Bellum
521 3997 732 4052 Numantinum
761 3995 967 4060 subaudimus3
1005 3993 1065 4048 vid.
1088 4005 1163 4062 quae
1191 3992 1228 4046 de
1255 3991 1364 4045 virtute

244 4088 433 4143 Bracarorum
452 4087 633 4156 aliorumque
652 4085 825 4155 populorum
846 4076 1003 4153 Hispaniae
1018 4082 1168 4152 appianus
1181 4081 1222 4136 lb.
1237 4084 1272 4135 74
1285 4083 1314 4136 et
1327 4084 1360 4134 77

244 4181 356 4245 narrat3
376 4179 499 4242 βάρβαροι
516 4199 552 4221 =
574 4175 696 4246 Idispani
711 4175 746 4230 of.
761 4173 856 4230 Posid.
871 4173 949 4242 apud
962 4173 1036 4242 App.
1049 4173 1091 4227 lb.
1105 4174 1138 4226 97
1150 4186 1205 4240 sq.:
1225 4174 1362 4235 ἐφαίνοντο

246 4271 274 4320 δὲ
293 4272 347 4330 τοῖς
365 4269 499 4333 πολεμιοις
519 4269 627 4318 ἐλεεινοί
647 4303 654 4318 .
674 4303 681 4316 .
701 4303 708 4317 .
