3367 5184
693 631 912 692 -41-

244 805 285 869 ad
317 805 470 870 Hennam
479 805 506 888 ¹)
540 807 758 870 firmissimam
791 805 903 870 urbem
937 807 1071 870 accessit
1102 814 1134 870 st
1161 805 1282 872 Oleone
1310 810 1365 892 qui

244 914 409 998 pugnandi
437 913 624 978 facultatem
652 913 847 997 praebuerat
884 912 997 997 fugato
1028 914 1142 978 urbem
1171 914 1285 994 cinxit,
1309 916 1365 979 ob—

239 1040 348 1084 sessos
377 1021 463 1084 fame
496 1021 638 1104 graviter
666 1019 840 1104 oppressit,
879 1019 1061 1104 proditione
1091 1042 1185 1101 „arco
1213 1021 1361 1086 Siciliae“

244 1129 363 1212 potitus
387 1134 449 1207 est3
474 1136 635 1213 postremo
659 1149 717 1213 per
741 1134 841 1192 totam
866 1128 1005 1192 insulam
1028 1129 1182 1214 dispersis
1198 1150 1365 1195 servorum

243 1237 392 1300 manibus
417 1236 562 1300 excitatis
586 1236 841 1320 compressisque
864 1237 1065 1319 provinciam
1088 1243 1190 1300 tutam
1215 1237 1363 1302 reddidit.

333 1559 385 1624 De
410 1565 515 1623 aetate
539 1559 671 1623 alterius
694 1559 770 1622 belli
794 1558 920 1622 servilis
943 1560 1055 1643 paucis
1076 1560 1256 1643 disceptare
1273 1580 1364 1624 cona-

243 1669 360 1749 bimur,
386 1689 468 1751 quae
491 1673 527 1730 ut
549 1667 637 1730 haud
661 1666 808 1730 similiter
830 1666 942 1730 avinis
955 1667 1061 1731 doctis
1077 1668 1111 1730 in
1128 1667 1364 1731 controversias

242 1776 376 1859 abrepta
400 1775 457 1847 sit,
483 1796 521 1838 eo
553 1774 675 1838 factum
708 1779 770 1855 est,
810 1773 894 1858 quod
928 1793 1034 1858 noque
1057 1780 1233 1859 totusque
1255 1780 1364 1839 tantae

243 1881 460 1960 difficultates,
485 1888 563 1965 quot
583 1877 622 1963 {in
646 1880 855 1964 chronologia
883 1881 999 1964 prioris
1028 1880 1225 1945 auferendae
1257 1889 1363 1962 crant,

243 2009 328 2052 nunc
353 1990 495 2068 obstaut3
535 1990 661 2073 quade
686 2009 784 2052 causa
806 1989 840 2050 in
863 1988 967 2052 tribus
989 1989 1099 2072 parvis
1123 1989 1364 2072 quaestionibus

242 2097 345 2181 iisque
369 2118 433 2160 non
459 2097 595 2182 copiosis
619 2097 870 2180 acquiescemus
895 2097 1001 2180 prima
1024 2096 1063 2159 de
1087 2098 1177 2161 initio
1198 2096 1363 2175 tumultus,

243 2203 345 2268 altera
379 2203 419 2267 de
449 2204 651 2267 successione
682 2209 883 2287 praetorum,
922 2204 1018 2266 tertia
1048 2225 1111 2287 quo
1135 2225 1220 2268 anno
1243 2203 1363 2267 bellum

243 2310 423 2374 confectum
448 2312 502 2392 sit,
531 2333 610 2394 quas
635 2311 675 2374 ad
699 2310 935 2393 exsequendas,
971 2311 1124 2396 qnoniam
1148 2311 1282 2374 Orosius
1305 2332 1364 2374 nos

241 2419 358 2491 deficit,
384 2418 453 2481 fere
477 2419 552 2482 solis
577 2417 733 2501 excerptis
758 2417 895 2480 Diodori
919 2418 1060 2482 nitimur.

331 2526 378 2588 Ac
407 2527 544 2609 primam
574 2525 703 2608 quidem
734 2545 831 2608 quam
859 2524 997 2588 dicimus
1027 2526 1261 2608 quaestionem,
1304 2527 1364 2589 etsi
1411 2509 1414 2512 .

243 2656 307 2696 uon
340 2634 456 2697 desunt
488 2635 543 2717 qui
575 2633 615 2696 de
645 2619 737 2696 initio
770 2632 847 2695 belli
879 2633 1041 2707 dubitent,
1082 2633 1177 2697 facile
1209 2633 1364 2717 perficere

241 2761 422 2824 possumus,
447 2762 519 2803 cum
543 2740 678 2805 Photius
702 2740 869 2803 exordium
893 2739 1029 2804 Diodori
1052 2742 1134 2804 bene
1157 2741 1364 2825 expresserit;

235 2847 398 2934 *Iugurtha
431 2849 516 2911 euim
544 2847 716 2910 Numidiae
750 2868 827 2931 rege
862 2854 1012 2931 superato
1047 2869 1167 2911 novum
1189 2848 1364 2911 tumultum

244 2975 411 3017 servorum
450 2955 571 3019 nuntiis
610 2955 826 3019 iudicantibus
861 2954 1042 3037 Romanos,
1081 2977 1154 3019 cnm
1189 2957 1221 3019 in
1257 2954 1364 3020 Gallia

242 3062 401 3125 exercitus
432 3060 615 3126 aOimbris
647 3063 765 3147 perditi
797 3068 906 3125 esseut
936 3083 1042 3147 neque
1075 3063 1242 3143 haberent,
1279 3063 1364 3127 unde

242 3169 359 3232 milites
394 3170 434 3232 ad
469 3170 688 3253 profligandos
723 3170 876 3253 fugitivos
915 3171 1116 3254 colligerent,
1156 3170 1365 3234 vehementer·

243 3276 429 3360 perterritos
453 3297 538 3355 esse3
582 3298 621 3339 cx
646 3298 708 3360 quo
734 3299 807 3340 oum
831 3276 913 3340 effici
939 3283 1044 3362 potest
1067 3299 1177 3341 servos
1200 3299 1264 3340 nou
1289 3284 1364 3340 ants

241 3404 385 3447 mensem
409 3383 573 3448 octobrem
598 3385 674 3447 anui
693 3385 754 3448 105
772 3384 956 3456 rebellasse,
982 3390 1049 3447 tum
1070 3385 1167 3448 etiam
1184 3385 1364 3448 accuratius

242 3511 395 3575 responso
425 3497 588 3574 reputato,
628 3492 714 3575 quod
743 3513 816 3554 cum
844 3498 951 3575 patres
976 3491 1146 3575 conscripti
1171 3493 1279 3576 copias
1303 3492 1363 3554 im-

241 3604 409 3680 perassent
448 3620 504 3663 rex
542 3597 711 3684 Bithyniae
751 3599 877 3662 senatui
915 3599 1018 3678 dedit,
1058 3599 1201 3662 Salvium
1242 3605 1363 3663 aestate

241 3706 318 3768 anui
349 3707 411 3769 104
441 3707 631 3770 seditionem
655 3708 831 3770 concitasse
856 3706 1093 3784 concludimus,
1132 3728 1196 3791 quo
1219 3712 1364 3792 tempore

242 3811 278 3874 C,
300 3813 425 3876 Marius
461 3815 623 3899 triumpho
659 3821 730 3878 acto
766 3814 837 3878 Kal.
863 3814 930 3878 Ian.
968 3815 1022 3878 nbi
1058 3814 1260 3879 consulatum
1293 3813 1365 3877 iniit

243 3921 350 4004 copias
367 3922 408 3984 ad
424 3922 543 3985 bellum
561 3921 759 3986 Cimbricum
777 3922 966 4006 conscripsit
982 3923 1165 4007 auxiliaque
1181 3922 1362 4007 imperavit.

242 4027 429 4093 Tumultum
460 4029 660 4094 Siciliensem
689 4037 752 4094 tres
781 4036 887 4092 motus
915 4031 946 4092 in
971 4031 1041 4114 ipsa
1064 4028 1159 4093 Italia
1183 4029 1362 4108 anteibant,

334 4264 358 4325 l)
379 4261 461 4316 Diod.
477 4260 502 4314 S.
517 4267 560 4328 34,
574 4264 657 4328 r,·21;
677 4260 770 4316 Strab.
790 4260 807 4315 l.
822 4276 861 4328 c.;
880 4260 960 4315 Oros.
973 4261 992 4315 l.
1007 4277 1031 4315 c.
