3367 5184
761 662 980 722 -124-

312 835 459 923 πόλεμον
493 841 513 924 η
546 840 580 902 δὲ
611 835 701 924 τύχη,
735 855 833 917 quam
867 837 989 901 scilieet
1015 838 1048 901 in
1073 836 1196 902 deliciis
1219 838 1317 903 hahet
1339 837 1431 902 Posi-

313 947 438 1025 donius,
464 995 470 1008 .
497 996 503 1007 .
530 996 537 1009 .
563 947 729 1032 ὁμονοῆσαι
751 949 822 1022 τοὺς
845 943 963 1010 τούτων
986 945 1139 1030 ἡγεμόνας
1161 945 1315 1030 ἐποίησεν.
1425 1029 1428 1034 .

403 1052 519 1118 Plehes
549 1051 736 1133 Siciliensis,
777 1073 873 1136 quam
897 1053 1004 1136 priore
1027 1053 1165 1116 tumultu
1189 1052 1290 1116 servis
1313 1052 1433 1116 favisse

313 1161 460 1243 legimus,
485 1161 586 1223 altero
611 1160 707 1223 etiam
732 1161 809 1245 ipsis
832 1159 977 1244 fugitivis
993 1160 1207 1224 crudeliorem
1223 1181 1258 1222 ss
1273 1159 1430 1244 praebuit,

313 1287 509 1351 quamquam
541 1266 690 1351 frugibus
723 1274 755 1330 et
786 1267 935 1330 domibus
967 1252 1065 1331 duces
1095 1288 1261 1330 servorum
1292 1267 1378 1331 cauti
1402 1276 1434 1330 et

315 1375 370 1458 qui
395 1373 512 1456 futuris
535 1375 631 1438 rebus
655 1375 737 1438 hene
761 1374 975 1458 providebant
998 1394 1131 1458 parcere
1146 1375 1333 1454 voluerunt3
1362 1376 1433 1439 Sul-

313 1482 385 1544 vius
413 1482 499 1545 enim
526 1482 598 1559 τοὺς
625 1483 766 1568 ἀρίστους
794 1482 975 1566 ποιούμενος
1002 1480 1191 1567 στρατιώτας
1218 1485 1290 1558 τοὺς
1318 1479 1433 1558 ἄλλους

314 1589 473 1673 ἠνάγκαζε
508 1589 655 1674 μένοντας
689 1589 739 1654 ἐπί
772 1599 834 1653 τῶν
869 1589 1143 1675 προγεγενημένων
1181 1589 1332 1675 ἐργασιῶν
1368 1591 1433 1654 ἐπι-

317 1696 481 1777 μελεῖσθαι
504 1707 559 1781 τῆς
583 1695 659 1774 ἰδίας
681 1698 815 1761 ἕκαστον
838 1697 1013 1782 οἰκονομίας
1036 1697 1089 1760 καί
1111 1696 1238 1778 τάξεως,
1261 1694 1294 1773 ἐξ
1318 1694 1361 1760 ὦν
1380 1700 1433 1760 καί

208 1864 209 1867 ,
313 1805 429 1887 τροφὰς
452 1805 612 1888 ἀφθόνους
635 1810 696 1870 τιῖιν
719 1814 917 1889 στρατιωτῶν
939 1805 1119 1890 ἐχορηγεῖτο
1142 1804 1227 1869 Enni
1251 1804 1433 1888 exemplum

317 1918 455 1992 secutus,
495 1913 550 1996 qui
574 1913 660 1977 cives
683 1911 877 1976 Hennenses
900 1933 1011 1976 omnes
1035 1933 1167 1976 necasse
1190 1911 1317 1993 dicitur,
1351 1911 1433 1986 ὅσοις

315 2021 374 2084 οὐκ
396 2017 434 2103 ἠν
457 2021 478 2105 ἡ
500 2019 594 2104 τέχνη
619 2021 702 2085 ὅπλα
725 2018 926 2106 ἐργάζεσθαι·
955 2020 1091 2097 ἐκείνους
1114 2020 1148 2083 δὲ
1171 2019 1350 2104 δεδεμένους
1371 2029 1434 2095 τοῖς

316 2128 416 2211 ἐργοις
439 2125 599 2213 ἐπέβαλεν.
641 2125 691 2190 De
715 2148 779 2211 qua
802 2148 837 2189 re
853 2127 931 2210 quid
947 2127 1041 2211 plura
1064 2125 1334 2190 commemorem?
1359 2146 1434 2189 con-

322 2235 491 2317 gruentiae
525 2235 610 2298 enim
643 2235 847 2298 uberioribus
882 2234 1133 2318 expositionibus
1160 2232 1297 2297 Diodori
1325 2233 1378 2311 34,
1404 2235 1455 2313 2,Ι

438 2342 490 2421 36,
522 2344 572 2424 11,
600 2344 611 2404 1
641 2343 761 2426 optime
784 2342 995 2405 illustrantur.

405 2447 469 2512 Vix
509 2449 692 2513 addendum
727 2454 879 2534 putamus
919 2449 1035 2533 quibus
1072 2449 1113 2512 de
1151 2448 1256 2512 causis
1290 2446 1434 2511 Diodoro

318 2556 481 2620 Graecum
510 2556 631 2619 fontem
660 2556 760 2620 fuisse
788 2556 990 2640 suspicemur
1012 2560 1070 2619 aut
1094 2555 1211 2639 quihus
1240 2555 1435 2619 rhetoricum

317 2669 373 2727 aut
397 2685 470 2728 eum
495 2671 659 2727 auctorem
683 2664 739 2748 qui
762 2685 814 2726 res
830 2663 963 2727 orientis
978 2663 1151 2747 praecipue
1167 2661 1336 2747 Bithyniae
1352 2662 1435 2725 hene

316 2770 443 2850 novit2¹l
482 2756 569 2842 Quid
592 2769 714 2834 multa?
739 2769 904 2848 Posidoui,
928 2777 964 2834 ut
986 2770 1027 2834 ad
1051 2791 1123 2833 eum
1148 2771 1278 2835 tandem
1301 2791 1435 2854 progre-

317 2879 454 2960 diamur,
478 2900 574 2944 usum
597 2878 726 2942 dicendi
751 2879 971 2962 unusquisque
993 2877 1088 2941 facile
1115 2884 1287 2962 cognoscet
1310 2883 1342 2942 et
1365 2878 1436 2941 aliis

317 2987 395 3050 locis
412 2985 549 3050 Diodori
564 2986 640 3050 libri
656 2986 737 3049 sexti
754 2994 785 3049 et
801 2986 955 3049 tricesimi
970 2991 1003 3049 ct
1018 2986 1084 3049 his:
1109 2988 1138 3065 5,
1161 2986 1180 3049 3
1196 2985 1436 3071 προσποιεῖσθαι

318 3093 357 3156 cf.
383 3093 501 3158 Athen.
516 3093 556 3174 V,
581 3095 689 3173 214ε,
713 3091 875 3177 ἀξιόλογος
898 3097 929 3172 9,
954 3097 990 3173 2,
1015 3092 1067 3174 34,
1079 3095 1111 3173 2,
1124 3095 1153 3157 8.
1180 3095 1232 3157 29.
1257 3094 1315 3172 43;
1349 3115 1445 3157 com--

318 3201 422 3285 posita
444 3201 545 3265 verba
575 3221 817 3285 nonnumquam
841 3221 899 3285 pro
924 3201 1133 3285 simplicibus,
1168 3207 1205 3264 ut
1230 3201 1438 3278 καθοπλίζειν

317 3331 375 3394 pro
400 3309 535 3387 ὁπλίζειν
568 3310 598 3389 2,
623 3311 643 3372 4
668 3315 700 3372 et
722 3308 775 3387 34,
805 3310 835 3388 2,
870 3312 904 3370 11
931 3333 975 3363 =
1000 3307 1078 3371 241).
1104 3309 1164 3387 3ος
1203 3307 1242 3370 de
1267 3307 1435 3370 daemonio

318 3410 416 3502 supra
440 3416 593 3494 diximns3
616 3415 708 3479 initio
732 3415 806 3478 libri
829 3420 963 3478 conatus
987 3421 1019 3478 et
1041 3415 1200 3478 insaniam
1216 3413 1304 3477 Vetti
1320 3413 1436 3498 equitis

322 3521 461 3588 Romani
485 3523 541 3586 ubi
563 3530 706 3604 narrant,
731 3527 900 3606 excerptor
922 3521 1033 3585 Escur.
1060 3523 1101 3584 22
1127 3548 1169 3576 --
1192 3520 1212 3601 §
1237 3524 1283 3584 2a
1305 3520 1347 3584 D.
1371 3521 1436 3584 ἐπι-

317 3631 448 3708 πλακείς
471 3626 499 3694 δ’
523 3633 612 3714 abath
637 3630 772 3714 scripsit,
798 3628 934 3692 Photius
958 3629 1022 3692 529
1046 3654 1089 3682 =
1112 3630 1163 3707 2,2
1180 3628 1222 3692 D.
1246 3627 1437 3712 συμπλακεὶς

318 3735 345 3802 δ’
375 3740 480 3822 αὐτηις
526 3737 625 3801 verbo
660 3731 941 3818 -ἐπιπλέκεσθαιῧ
985 3737 1045 3800 hoc
1071 3756 1185 3799 sensu
1226 3734 1437 3799 Posidonium

318 3848 350 3910 iu
372 3845 469 3910 simili
489 3845 730 3908 narratiuncula
751 3866 844 3908 usum
861 3865 932 3908 esse
950 3844 1135 3906 Athenaeus
1151 3848 1286 3906 testatur
1300 3841 1437 3920 unire

318 3954 532 3962 ...μοι-..-

410 4005 436 4072 1)
458 4004 522 4060 vid.
533 4007 577 4072 36,
597 4006 621 4071 2,
641 4007 658 4058 2
676 4005 811 4056 ταλάντων
825 4003 957 4056 ’Δττικῶν
974 4006 1049 4067 ἑπτὰ,
1069 4006 1094 4069 6,
1116 4007 1128 4056 1
1147 4007 1240 4054 κακῶν
1254 4000 1350 4067 ’1λίιις;
1371 4015 1437 4055 con·

320 4095 413 4150 leras-
429 4096 454 4160 2,
488 4099 499 4149 1
530 4093 601 4163 quid
630 4093 805 4149 Nicomedes
833 4107 885 4148 rex
914 4093 1071 4162 bithyniae
1098 4092 1233 4161 patribus
1264 4090 1438 4159 conscriptis

319 4183 511 4254 responderit.

409 4275 439 4334 2)
460 4273 523 4328 Vid.
544 4269 628 4329 Diod.
650 4275 692 4341 29,
712 4277 746 4328 34
766 4274 798 4329 D.
820 4297 853 4316 =
873 4288 935 4328 exc.
955 4271 991 4328 de
1012 4272 1077 4328 virt.
1096 4273 1149 4327 306
1168 4273 1201 4327 V.
