3367 5184
686 702 905 762 ..19-

235 883 459 940 successerunt
483 898 556 940 oum
584 877 744 960 periochis
771 877 915 940 Liviauis
943 876 1130 960 composuit,
1163 882 1197 938 ut
1228 875 1288 938 hac
1320 897 1355 939 re

237 1004 310 1046 eum
348 985 389 1045 acl
425 984 666 1066 chronologiam
700 983 915 1046 definiendam
950 983 1038 1045 haud
1073 1003 1225 1066 prospere
1260 1003 1354 1044 usum

183 1115 186 1122 ’
236 1112 306 1153 esse
333 1113 404 1153 cum
422 1091 613 1154 vidissemus
629 1091 723 1154 valde
748 1091 855 1154 mirati
877 1091 990 1167 simus3
1023 1090 1192 1174 quodiam
1218 1090 1354 1173 amplius

236 1198 454 1278 tractabimus,
487 1221 571 1262 uiroc
603 1200 767 1282 pergimus
798 1199 838 1261 ad
870 1197 1009 1261 Livium.

326 1305 370 1368 Ut
404 1305 443 1369 de
478 1304 633 1370 Romanis
670 1305 743 1368 belli
780 1307 905 1369 servilis
944 1305 1128 1369 auctoribus
1167 1305 1198 1366 in
1238 1303 1353 1366 falsam

236 1412 419 1496 opinionem
431 1413 545 1477 Wilms
566 1399 726 1477 ¹adductus
751 1418 808 1491 est,
833 1414 880 1476 sic
903 1413 1076 1497 praecipue
1092 1411 1184 1474 Livio
1202 1409 1355 1474 nonnulla

238 1521 409 1604 imputavit
433 1543 515 1605 quae
540 1523 749 1605 comprobare
773 1522 826 1583 vix
850 1523 933 1605 potis
956 1524 1023 1599 est3
1047 1521 1086 1583 de
1110 1521 1149 1582 iis
1170 1520 1255 1582 enim
1272 1538 1355 1602 quae

238 1628 320 1712 apud
354 1630 580 1712 epitomatores
608 1627 741 1692 Florum
771 1628 987 1712 Orosiunrque
1015 1629 1231 1711 negleguntur
1257 1627 1355 1688 etiam

237 1735 364 1800 Livium
397 1739 535 1801 tacuisse
564 1736 776 1800 inconsultius
806 1738 856 1800 vir
887 1737 1000 1800 doctus
1033 1737 1188 1800 conclusit
1221 1731 1354 1797 Diodori

238 1845 455 1908 narrationem
481 1867 499 1908 a
522 1844 745 1910 Romanorum
768 1866 875 1908 rerum
901 1846 1102 1929 scriptorum,
1133 1844 1282 1928 quicum
1308 1841 1355 1904 ira

238 1957 269 2013 et
296 1951 400 2014 studio
430 1973 539 2017 servos
568 1958 603 2015 ut
630 1952 772 2016 intimae
789 1954 884 2016 sortis
907 1953 1053 2016 homines
1078 1952 1355 2023 condemnassent,

237 2058 454 2142 imprudentia
477 2066 509 2122 et
531 2060 714 2143 ignorantia
736 2060 832 2144 longe
853 2059 1029 2123 abhorrere
1044 2059 1163 2144 passim
1180 2056 1353 2143 professus.

237 2164 333 2229 Certo
357 2168 402 2230 sic
426 2167 503 2230 fecit
527 2167 651 2245 Florus,
682 2167 759 2230 fecit
782 2167 926 2244 Orosius,
955 2168 1011 2230 sed
1035 2166 1105 2229 Livi
1130 2167 1276 2250 exemplo
1301 2187 1355 2228 eos

237 2274 298 2336 lroo
333 2273 447 2338 fecisse
482 2274 597 2337 Wilms
633 2275 795 2339 fabulatur
834 2276 937 2358 magis
976 2295 1073 2358 quam
1112 2279 1356 2358 argumentatur

237 2381 326 2465 (pag.
352 2384 553 2458 raro-20.
602 2383 713 2462 ΜΟ.
762 2384 847 2462 24,4
872 2404 891 2445 a
913 2383 1009 2461 line);
1057 2403 1131 2445 nam
1166 2381 1221 2465 qui
1256 2381 1355 2444 solius

146 2503 148 2508 ·
236 2489 391 2552 Posidoni
406 2490 628 2554 auctoritatem
645 2490 773 2553 Livium
797 2497 941 2553 secutum
964 2511 1033 2553 esse
1049 2490 1118 2552 vult
1134 2488 1354 2572 comprobare,

237 2596 274 2674 is,
301 2617 357 2659 cur
381 2595 552 2660 latifundia
576 2604 607 2661 et
630 2598 697 2662 fata
721 2619 887 2662 servorum
908 2599 963 2660 ille
983 2598 1173 2681 praeterisse
1193 2596 1355 2680 putandus

238 2706 289 2783 sit,
325 2707 419 2768 cer-tis
453 2705 650 2789 argumentis
682 2707 883 2770 demonstret
913 2726 1043 2769 necesse
1068 2709 1132 2782 est;
1178 2725 1237 2768 nos
1260 2704 1356 2787 quie

239 2812 341 2875 tribus
365 2813 534 2876 uberrimis
557 2813 646 2875 libris
661 2815 712 2889 56,
732 2814 784 2892 58,
801 2816 842 2876 59
861 2833 964 2898 pauca
990 2811 1161 2875 admodum
1187 2811 1355 2873 restituere

237 2940 407 3002 possumus
437 2920 592 2984 eiusmodi
624 2921 820 3004 quaestionis
850 2920 1028 3005 pericnlum
1058 2918 1165 2982 facere
1192 2939 1255 2981 nou
1286 2918 1376 2980 ansk

239 3025 367 3089 Wilmsi
391 3027 581 3090 sententiam
607 3048 669 3090 non
696 3028 926 3092 collaudamus.

327 3131 457 3196 Utinam
493 3133 598 3197 fontes
622 3135 693 3197 Livi
731 3134 887 3219 indagare
924 3133 1099 3213 maluisset,
1138 3154 1213 3195 nam
1252 3132 1354 3196 solum

237 3243 446 3306 Posidonium
458 3243 513 3305 rix
529 3243 705 3326 exscripsit,
730 3263 928 3327 quamquam
945 3264 1019 3306 eum
1043 3248 1075 3304 et
1097 3242 1199 3305 multa
1224 3241 1286 3304 alia
1309 3239 1355 3302 illi

238 3353 356 3414 debere
379 3351 584 3414 concedimus
600 3357 632 3413 ot
651 3356 750 3413 totum
769 3351 913 3414 ordinem
931 3356 963 3413 et
978 3371 1135 3414 conexum
1152 3370 1258 3412 rerum
1279 3347 1355 3410 inde

237 3460 410 3543 sumpsisse
442 3458 594 3520 adversus
620 3457 740 3542 Ungeri
769 3459 954 3542 opinionem
984 3479 1047 3520 non
1079 3462 1200 3520 rectam
1222 3455 1355 3518 demon-

237 3566 419 3630 strabimus.
468 3565 558 3630 Bono
588 3567 720 3631 oonsilio
749 3567 811 3630 dno
836 3567 946 3630 Valeri
970 3566 1098 3629 Maximi
1127 3565 1189 3627 loci
1218 3563 1312 3627 modo
1337 3586 1356 3626 a

238 3676 329 3738 nobis
353 3675 498 3759 porcensi
520 3680 602 3748 sunt,
628 3676 682 3758 qni
705 3681 740 3738 ut
754 3674 886 3738 Valerio
902 3673 974 3738 Liri
996 3672 1128 3736 annales
1144 3672 1355 3757 suppetivisse

237 3784 281 3845 ita
309 3782 356 3846 illi
383 3781 510 3846 Pisonis
537 3782 636 3846 libros
665 3804 742 3867 prae
771 3804 868 3846 manu
897 3782 996 3845 fuisse
1020 3781 1207 3857 ostendunt3
1248 3779 1354 3842 nescio

239 3912 278 3954 au
308 3892 404 3953 etiam
429 3889 569 3971 llarrnil)
598 3891 731 3954 historia
761 3913 836 3954 usus
866 3891 915 3969 sit,
946 3912 963 3952 e
988 3911 1052 3974 qua
1081 3889 1144 3952 dno
1173 3888 1356 3971 fragmenta

239 4007 451 4015 ———-—.-.

331 4073 356 4129 l)
377 4067 519 4136 litigant
539 4065 635 4122 Peter:
669 4066 696 4121 Ο.
713 4066 839 4122 Fannius
863 4066 1015 4121 annalium
1036 4065 1112 4120 Vlll:
1143 4063 1269 4119 Domina
1293 4062 1355 4117 eins

238 4156 289 4211 ulii
313 4157 350 4210 ad
375 4157 474 4210 villam
501 4161 621 4211 venerat
645 4156 765 4211 iubebat
794 4155 877 4211 biber
903 4155 1023 4210 dari-
1048 4153 1181 4209 Clrarisl
1204 4155 1253 4207 124
1277 4150 1355 4218 Keil;

238 4245 371 4313 fragmss
391 4244 488 4300 Peter:
509 4244 537 4300 C.
553 4245 679 4302 Fannius
698 4246 727 4300 in
748 4245 813 4300 Vlll
833 4245 931 4300 annali
952 4245 1119 4313 Drepanum
1140 4243 1241 4309 modo,
1268 4241 1355 4296 modo

240 4335 374 4404 Drepana
394 4334 531 4404 appellat.
553 4365 584 4372 -
606 4335 701 4389 Srlrol.
717 4334 819 4389 Veron.
834 4333 870 4388 ad
886 4333 969 4402 l'crg.
985 4336 1054 4388 Aen.
1069 4337 1093 4400 3,
1112 4333 1178 4399 7073
1201 4331 1286 4386 Peter
1305 4331 1355 4384 rel.

1249 4438 1278 4475 ι).
