3367 5184
776 678 820 686 -
867 631 999 706 524>

333 849 336 855 ⁴
376 801 379 806 ⁵
419 819 580 904 Sequitur,
606 825 640 882 nt
663 825 760 904 caput
787 827 938 884 octavum
961 821 1047 884 vitae
1072 819 1204 884 Catonis
1228 821 1334 888 obiter
1355 823 1456 886 attin*

328 931 465 1012 gamus,
482 947 546 1011 qua
573 927 606 990 in
633 927 700 990 vita
729 928 909 991 enarranda
938 915 1149 992 Plutarchum
1174 926 1337 993 Thraseae
1360 929 1453 993 Paeti

329 1033 468 1118 scriptis·
489 1055 581 1098 nsum
613 1055 683 1098 esso
713 1033 810 1099 Peter
840 1035 860 1098 l.
879 1057 905 1098 c.
924 1037 1104 1119 p.·65—68
1128 1036 1292 1120 probavit,
1332 1037 1456 1101 Paetus

327 1163 386 1226 pro
415 1163 473 1205 sua
502 1148 593 1226 parte
622 1141 802 1206 Munatium
830 1141 954 1206 Rufum
985 1145 1172 1228 exscripsit,
1207 1145 1261 1228 qui
1290 1145 1396 1208 socius
1421 1150 1458 1207 et

328 1265 435 1312 conces
460 1247 591 1313 Catonis
615 1271 711 1334 saepe
736 1250 805 1315 fuit.

362 1340 364 1344 ¹
416 1357 468 1420 De
480 1357 655 1422 Plutarcho
680 1364 746 1422 tota
770 1359 838 1422 fere
862 1360 1051 1443 quaestione
1074 1365 1239 1424 transacta
1261 1381 1365 1444 pauca
1388 1360 1456 1424 alia

328 1486 411 1549 quae
427 1464 543 1530 deinde
556 1467 718 1530 mentione
730 1468 828 1551 digna
838 1468 990 1531 videntur
1001 1490 1062 1532 suo
1071 1468 1142 1532 loco
1154 1469 1186 1532 in
1200 1469 1451 1553 disputationem

328 1573 524 1638 vocabimus.
554 1607 595 1618 -
621 1573 713 1637 Nunc
739 1595 812 1638 cum
835 1580 965 1658 praeter
987 1576 1088 1659 ipsius
1113 1575 1245 1639 Sallusti
1268 1576 1455 1659 fragmenta

315 1675 492 1744 Plutarchi
515 1681 655 1765 epitoma
679 1688 714 1744 nt
728 1682 774 1745 ita
791 1682 895 1745 dicam
913 1681 1107 1746 Sallustiana
1131 1683 1178 1746 uti
1201 1682 1307 1763 liceat,
1325 1685 1359 1746 in
1375 1669 1455 1746 reli-

327 1810 407 1873 quos
423 1809 530 1852 rerum
548 1789 719 1874 scriptores
736 1789 862 1853 facilius
878 1812 976 1874 quam
993 1790 1273 1870 Maurenbrecher,
1298 1792 1354 1875 qui
1368 1792 1454 1856 duos

326 1877 431 1959 fontes
455 1895 628 1961 Plutarcho
649 1898 752 1961 luisse
776 1898 979 1979 concluserit,
1003 1888 1167 1982 inquirere
1189 1920 1370 1983 possumus.
1423 1976 1427 1981 ν

415 2197 464 2261 Ac
490 2198 630 2284 primum
658 2199 788 2282 quidem
817 2199 1030 2282 exploremus,
1064 2206 1172 2264 utrum
1195 2201 1286 2264 Flori
1308 2203 1452 2286 epitoma

325 2303 398 2367 Livi
411 2305 466 2388 qui
478 2305 594 2368 dicitur
605 2306 687 2369 liber
698 2306 732 2369 in
745 2306 829 2369 bello
842 2307 1009 2391 Spartacio
1022 2308 1295 2392 exponendorere
1308 2309 1452 2394 epitoma

326 2409 463 2474 Liviana
490 2413 531 2474 sit
559 2433 675 2490 necne;
705 2435 802 2496 quam
831 2435 904 2476 cum
928 2415 1046 2498 partim
1070 2437 1088 2478 e
1113 2415 1265 2479 Sallustio
1288 2417 1406 2499 partim
1430 2439 1451 2480 e

325 2517 418 2582 Livio
448 2519 652 2604 compilatam
682 2542 751 2584 esse
779 2521 1052 2586 Maurenbrecher
1075 2545 1106 2606 p.
1124 2525 1166 2586 42
1186 2523 1362 2606 putaverit,
1390 2525 1451 2587 tri·

325 2626 442 2708 pertita
466 2627 559 2690 nobis
583 2628 706 2692 exsistit
729 2617 890 2712 quaestio,
927 2630 1013 2708 quod
1036 2631 1177 2712 primum
1201 2630 1451 2714 disceptandum

325 2738 391 2811 est,
430 2755 509 2822 num
542 2734 690 2798 omnibus
721 2735 761 2798 de
792 2736 888 2799 rebus
911 2735 1111 2800 Florus'hoc
1137 2738 1241 2821 capite
1264 2738 1352 2818 libri,
1393 2739 1449 2823 qui

324 2838 398 2903 Livi
421 2841 594 2924 epitomem
614 2864 648 2905 se
664 2843 756 2926 gerit,
782 2864 854 2906 cum
874 2845 987 2907 ceteris
1003 2845 1148 2928 reliquiis
1164 2844 1236 2909 Livi
1253 2846 1450 2925 consentiat,

325 2967 400 3010 narn
413 2947 440 3010 si
451 2949 547 3032 plane
558 2956 759 3032 congrueret,
770 2956 895 3014 tantum
907 2951 1043 3034 abesset,
1058 2959 1092 3015 ut
1101 2952 1257 3015 nonnulla
1267 2974 1285 3015 e
1294 2953 1450 3016 Sallustio

323 3052 456 3117 Florum
485 3056 660 3140 sumpsisse
688 3063 891 3141 putaremus,
916 3059 1064 3122 utillum
1087 3059 1200 3123 Livius
1223 3066 1353 3123 secutus
1376 3080 1450 3122 esse

323 3161 496 3225 videretur.
546 3163 609 3227 Sed
634 3163 781 3228 dissentit
804 3165 836 3228 in
868 3167 1030 3229 nonnullis
1045 3165 1177 3246 Plorus3
1201 3166 1281 3230 illud
1304 3168 1448 3250 quidem,

324 3269 409 3353 quod
439 3270 571 3353 triginta
595 3272 756 3356 mancipia
778 3272 891 3336 ludum
917 3271 1121 3357 Oapuensem
1153 3274 1331 3357 reliquisse,
1372 3295 1448 3338 mox

323 3377 435 3441 decem
459 3377 548 3440 milia
572 3379 771 3443 concurrisse
796 3379 883 3460 dicit,
914 3381 947 3443 in
972 3386 1192 3446 censum-non
1215 3383 1320 3462 venit,
1360 3381 1445 3465 quod

322 3505 383 3567 pro
406 3490 597 3568 argumento
614 3486 754 3550 vendere
771 3486 1046 3551 Maurenbrecher
1069 3510 1126 3552 suo
1150 3490 1221 3552 iure
1236 3490 1358 3553 veritus
1382 3496 1448 3570 est,

323 3591 379 3655 sed
404 3593 580 3655 secundum
604 3592 733 3657 Livium
757 3594 904 3678 captivae
929 3601 1096 3659 matronae
1119 3598 1153 3660 in
1177 3597 1332 3660 honorem
1346 3597 1448 3682 Spar-

322 3703 429 3762 tacum
453 3699 546 3764 ludos
570 3700 719 3782 edidisse,
744 3723 817 3766 cum
831 3701 948 3765 Florus
965 3703 1021 3786 qui
1036 3703 1192 3769 hactenus
1209 3725 1282 3768 cum
1294 3704 1448 3789 Appiano

274 3789 275 3792 Ἴ
322 3807 473 3889 'convenit
504 3808 538 3870 iu
569 3808 682 3871 funere
717 3809 807 3872 ducis
840 3810 1008 3873 cuiusdam
1031 3799 1242 3894 fugitivorum
1266 3812 1299 3875 id
1321 3811 1445 3875 factum

322 3933 392 3976 esse
417 3920 572 3994 narraret,
598 3914 1066 3998 reetemonuit.1)jAceedunt
1090 3919 1264 3983 nonnullae
1288 3940 1341 3982 res
1364 3939 1448 4002 quas

320 4071 535 4084 *ως-...ηι-

384 4258 386 4263 Ι
413 4181 439 4246 1)
458 4183 534 4237 Ante
548 4181 853 4266 Maurenbreoherum,
873 4184 951 4255 quod
964 4185 1016 4267 ille
1029 4186 1136 4254 omisit,
1156 4186 1193 4242 de
1206 4186 1263 4241 hac
1275 4186 1447 4242 narratione

321 4268 383 4338 egit
395 4267 531 4324 Franclin
546 4270 657 4325 Arnold
670 4271 688 4326 l.
700 4287 723 4326 c.
734 4289 761 4342 p.
775 4276 823 4328 101
840 4289 869 4330 n.
879 4269 927 4330 421:
947 4272 1050 4342 „Scine
1064 4273 1164 4341 Quelle
1177 4276 1217 4330 ist
1229 4275 1295 4330 hier
1307 4274 1445 4330 Sallust.“
