3367 5184
595 1370 764 1448 CAPUT
793 1368 1027 1444 PRIMUM.

339 1674 435 1739 Multi
466 1695 573 1738 rerum
607 1673 779 1757 scriptores
810 1671 975 1736 servilium
998 1671 1156 1735 bellorum
1179 1674 1369 1737 memoriam

251 1783 409 1867 complexi
434 1789 517 1861 sunt,
542 1801 719 1865 paucorum
743 1778 816 1842 libri
840 1784 980 1842 aetatem
1004 1779 1160 1858 tulerunt;
1191 1801 1328 1864 quorum
1352 1804 1369 1845 e

252 1911 385 1953 numero
410 1888 495 1971 quod
519 1893 670 1972 excerpta
692 1885 829 1950 Diodori
852 1885 952 1950 Siculi
976 1886 1096 1970 primas
1119 1892 1227 1970 partes
1250 1887 1370 1951 habere

252 2003 284 2060 et
310 1995 467 2082 gravioris
496 1995 696 2060 auctoritatis
725 2015 794 2057 esse
823 2014 920 2078 quam
956 1999 1136 2056 ceterorum
1169 1996 1369 2058 narrationes

251 2107 334 2168 inter
365 2123 476 2167 omnes
509 2108 643 2182 constat,
677 2102 717 2165 ab
750 2101 813 2164 illis
843 2101 1064 2185 quaestionem
1087 2100 1187 2164 ordiri
1209 2101 1288 2165 utile
1312 2110 1369 2166 est.

253 2211 317 2276 Sed
347 2216 519 2295 antequam
550 2209 656 2274 fontes
679 2207 815 2272 Diodori
839 2213 1024 2288 tractemus,
1063 2229 1102 2271 ea
1134 2230 1216 2291 quae
1240 2229 1258 2271 e
1281 2208 1371 2273 libris

250 2316 409 2382 XXXIV.
435 2324 467 2380 et
499 2315 707 2400 sequentibus
740 2322 943 2399 excerptores
967 2314 1134 2399 Byzantini
1165 2316 1237 2378 aevi
1261 2337 1370 2380 serva-

157 2441 162 2452 ·
251 2432 376 2505 verunt,
401 2424 601 2510 disponenda
623 2430 713 2487 sunt:

339 2531 483 2595 Dindorf
495 2529 522 2612 ¹)
539 2530 636 2593 Photi
659 2528 834 2613 epitomem
858 2527 935 2592 belli
957 2529 1092 2610 servilis,
1116 2550 1213 2612 quam
1229 2532 1370 2595 narratio

251 2637 291 2702 de
315 2639 466 2703 Antiochi
494 2637 579 2722 regis
607 2637 848 2721 oppugnatione
874 2635 1172 2721 Hierosolymorum
1200 2639 1371 2720 antecedit,

251 2746 342 2810 initio
370 2745 444 2809 libri
472 2745 578 2830 quarti
606 2751 637 2808 et
664 2744 817 2808 tricesimi
840 2744 958 2828 posuit,
994 2744 1138 2808 adiunxit
1161 2766 1265 2830 pauca
1289 2767 1372 2829 quae

252 2860 421 2936 excerptor
453 2850 688 2915 Escurialensis
718 2853 787 2935 περὶ
820 2848 992 2937 ἐπιβουλῶν
1025 2850 1178 2933 exhibuit,
1209 2858 1370 2936 postremo

253 2966 289 3022 ut
315 2959 438 3044 placuit
467 2959 629 3022 frustatim
657 2963 807 3042 excerpta
835 2960 904 3042 περὶ
928 2959 1045 3043 ἀρετῶν
1069 2965 1101 3021 et
1123 2958 1280 3022 Vaticana
1303 2963 1371 3045 περὶ

251 3074 384 3149 γνωμῶν
409 3065 540 3145 addidit,
570 3066 746 3128 iniustum
771 3065 917 3128 ordinem
942 3072 1041 3129 totam
1066 3067 1233 3130 materiam
1257 3088 1372 3152 cogere
1415 3116 1417 3122 ,

253 3179 309 3237 aut
340 3195 392 3237 res
416 3192 608 3256 componere
642 3172 791 3258 neglexit.
839 3171 964 3235 Tamen
996 3171 1090 3236 facile
1126 3193 1194 3236 rem
1229 3173 1373 3258 expediri

253 3301 347 3366 pesse
378 3279 567 3357 iudicamus,
605 3279 796 3362 praesertim
820 3300 893 3342 cnm
918 3279 957 3342 de
980 3279 1084 3364 primo
1109 3282 1264 3344 tumultus
1287 3303 1372 3346 anuo

255 3387 359 3472 deque
398 3385 511 3450 ultimo
546 3383 730 3470 fragmenta
759 3386 847 3449 'satis
886 3387 1015 3470 copiosa
1050 3393 1189 3466 exstent,
1234 3410 1374 3473 namque
1455 3387 1458 3392 ’

253 3494 421 3558 exordium
447 3493 532 3577 qued
556 3494 744 3578 priusquam
768 3495 855 3579 ipsos
879 3499 985 3558 motus
1001 3494 1197 3559 describeret
1211 3495 1374 3560 Diodorus

254 3603 370 3686 posuit,
402 3600 488 3686 apud
511 3607 732 3685 excerptorem
757 3595 956 3673 Vaticanum
975 3623 1006 3685 p.
1018 3603 1081 3666 100
1106 3628 1146 3655 =
1172 3601 1249 3682 §33
1273 3602 1372 3668 Diod.

254 3708 401 3792 legimus,
441 3730 537 3790 quem
570 3729 634 3772 non
668 3709 737 3772 sine
769 3707 888 3772 iudicio
912 3707 1049 3772 Diodori
1071 3709 1170 3772 libros
1193 3711 1374 3774 exscribere

253 3836 328 3878 cum
352 3815 479 3900 saepius
503 3822 571 3878 tum
596 3837 635 3878 ex
658 3815 697 3879 iis
720 3821 856 3901 apparet
879 3837 961 3900 quae
985 3817 1202 3900 prta-114
1226 3817 1374 3882 debello

254 3921 391 3986 Marsico
416 3923 518 3986 affert.
544 3921 672 3987 Deinde
696 3921 736 3986 de
761 3922 982 4007 magnitudine
1006 3923 1197 3988 calamitatis
1221 3930 1253 3988 et
1268 3931 1374 3988 vasta-

255 4029 350 4092 tionis
386 4050 483 4114 quam
518 4037 706 4094 narraturus
741 4038 790 4094 est
823 4052 928 4114 pauca
962 4030 1126 4114 praefatus
1156 4029 1282 4112 (videas
1306 4053 1373 4095 exo.

347 4227 372 4288 l)
392 4223 513 4279 Diodori
532 4223 713 4279 bibliotheca
732 4223 881 4291 historica,
917 4223 962 4278 ed.
982 4223 1053 4279 Lud.
1073 4224 1236 4292 Diodori,
1263 4226 1320 4282 vol.
1340 4226 1375 4282 V.

258 4310 372 4380 Lipsiae
393 4315 463 4368 1868
480 4313 570 4382 praet.
589 4330 617 4383 p.
636 4311 727 4368 XXVI
745 4315 775 4368 et
793 4327 860 4382 pag,
879 4315 914 4368 85
925 4328 967 4383 sq.

1272 4422 1300 4476 lt
