3367 5184
773 647 995 721 ‘³⁴54-

321 835 516 900 Plutarchus
536 818 649 920 ¹capite
672 835 844 900 undecimo
867 834 1113 917 demonstrat¹)‚
1141 836 1188 901 ita
1216 836 1377 918 confudit,
1412 843 1451 902 ut

322 943 383 1007 hoc
413 943 535 1008 ederet:
579 927 644 1024 „ibi
661 943 759 1008 circa
789 943 953 1008 Bruttium
983 945 1139 1029 angulum
1169 945 1286 1008 inclusi
1315 933 1447 1011 tandem

322 1052 490 1136 eruptione
520 1051 607 1115 facta
638 1050 769 1134 dignam
798 1050 878 1115 viris
908 1051 1018 1115 obiere
1050 1057 1189 1115 mortem
1223 1057 1255 1116 et
1278 1052 1364 1136 quod
1387 1052 1447 1117 sub

321 1159 502 1244 gladiatore
525 1158 605 1223 duce
629 1158 770 1243 oportuit
793 1158 863 1223 siue
882 1158 1047 1222 missione·
1061 1158 1352 1244 pugnatum'est“;
1382 1178 1449 1243 qua

322 1287 357 1329 re
383 1266 451 1330 alia
480 1288 521 1330 ex
551 1272 641 1351 parte
672 1269 749 1332 satis
778 1267 944 1351 copiosum
968 1267 1092 1331 fontem
1117 1266 1213 1333 Floro
1237 1268 1368 1332 fluxisse
1392 1267 1447 1332 de·

322 1374 472 1448 claretur,
520 1373 626 1439 Etiam
644 1396 729 1439 nunc
746 1374 786 1438 de
803 1374 956 1440 Sallustio
972 1374 1122 1440 dubitas?
1145 1375 1281 1460 proinde
1297 1375 1448 1442 conteras

320 1481 394 1546 libri
434 1483 539 1567 quarti
577 1483 796 1566 fragmentum
835 1485 888 1546 41.
929 1504 1003 1547 cum
1040 1482 1217 1548 Plutarcho
1256 1490 1289 1546 et
1331 1481 1445 1548 Floror

323 1587 429 1670 „haud
452 1590 590 1674 impigre
615 1611 719 1674 neque
743 1590 864 1653 inultus
887 1589 1062 1654 occiditur“
1087 1617 1125 1642 -·-
1152 1591 1244 1668 αὐτὸς
1272 1591 1369 1667 ἑστὼς
1391 1592 1447 1655 καὶ

319 1693 498 1773 ,κυκλωθεὶς
521 1692 589 1778 {tuh
624 1697 749 1762 πολλῶν
778 1697 967 1782 ἀμυνόμενος
995 1699 1157 1782 κατεκόπη
1189 1727 1222 1748 =
1249 1697 1446 1782 „Spartacus

319 1803 388 1888 ipse
418 1803 453 1867 in
480 1804 584 1888 primo
603 1805 742 1888 agmine
774 1804 949 1868 fortissime
972 1804 1131 1870 dimicans
1152 1805 1246 1889 quasi
1268 1805 1448 1889 imperator

320 1911 445 1973 occisus
469 1906 584 1992 est²)“.
1429 1971 1431 1976 .

320 2019 332 2060 V
410 2015 501 2088 Quae
525 2037 597 2082 cum
618 2019 663 2082 ita
687 2019 761 2098 sint,
786 2019 827 2082 ad
850 2019 979 2082 tertiam
1003 2019 1225 2103 quaestionem
1249 2018 1446 2099 accedimus,

320 2127 464 2190 solamne
497 2126 629 2191 Sallusti
666 2127 856 2211 sapientiam
890 2127 1008 2191 Florus
1042 2127 1265 2211 compilaverit
1296 2148 1338 2190 an
1370 2125 1444 2189 Livi

320 2234 497 2298 aliorumve
524 2234 623 2298 libros
654 2239 783 2318 praeter
809 2233 900 2296 illum
930 2233 964 2297 iu
992 2255 1087 2298 usum
1115 2234 1254 2312 vocarlt3
1293 2234 1379 2318 quod
1407 2238 1445 2297 ut

320 2340 542 2424 diiudicemus‚
567 2341 756 2426 plerumque
780 2362 845 2404 uuo
866 2340 956 2404 fonte
972 2362 1045 2405 eum
1063 2345 1249 2404 contentum
1264 2362 1334 2404 esse
1350 2340 1446 2405 nobis

319 2448 1237 2533 repraesentamus,quemquantanonuumquamlevitate
1248 2449 1447 2533 excerpserit

318 2557 523 2641 flosculisque
547 2563 696 2620 ornatum
721 2577 778 2641 pro
802 2557 937 2621 historia
952 2556 1143 2638 vendiderit,
1168 2555 1297 2640 saepius
1322 2577 1443 2640 cogno·

317 2664 438 2742 rimus,
474 2685 571 2748 quam
604 2667 641 2726 nt
673 2664 782 2747 plures
817 2664 914 2726 simul
947 2663 1046 2726 libros
1079 2684 1170 2743 eum,
1207 2664 1261 2727 ubi
1288 2663 1323 2726 in
1345 2664 1445 2728 rebus

318 2773 470 2851 offendit,
510 2771 694 2835 adhibuisse
728 2772 878 2856 cuiquam
910 2772 1182 2856 persuadeamus3
1229 2772 1320 2836 adice
1355 2770 1441 2855 quod

291 2881 294 2886 ’
317 2879 372 2943 illo
389 2880 670 2943 Maurcubrecheri
685 2885 876 2963 argumento
891 2879 972 2945 haec
996 2879 1105 2963 opinio
1129 2901 1193 2943 uon
1218 2879 1444 2958 confirmatur,

317 3008 393 3050 nam
417 2987 516 3050 verba
541 2988 693 3067 „effracto
718 2986 848 3051 Lentuli
872 2987 967 3050 ludo“
994 3007 1077 3070 quae
1101 2988 1198 3050 etiam
1223 2987 1310 3070 apud
1325 2985 1443 3049 Eutro-

316 3093 406 3178 pium
438 3095 509 3173 6‚7
543 3095 706 3177 legantur,
746 3095 899 3177 quoniam
935 3093 1145 3178 „effringere‘
1178 3093 1340 3158 vocabulo
1375 3114 1440 3157 uon

317 3222 390 3265 raro
422 3208 453 3264 et
483 3210 594 3286 poetas
627 3207 660 3264 et
696 3201 861 3285 pedestres
896 3199 1102 3284 scriptores3)
1136 3201 1183 3264 uti
1216 3201 1301 3264 iuter
1328 3221 1442 3265 omues

318 3316 452 3389 constat,
478 3331 495 3372 e
519 3309 611 3372 Livio
635 3308 765 3373 fluxisse
787 3329 845 3371 our
861 3308 1057 3372 coniciamus
1074 3329 1205 3371 causam
1221 3329 1285 3372 non
1302 3309 1441 3392 reperio.

317 3417 423 3489 Quid?
448 3438 521 3479 cum
545 3416 608 3479 alio
631 3416 701 3478 loco
729 3418 757 3494 1,
774 3418 816 3478 44
841 3417 887 3478 sie
912 3415 1083 3478 Sallustius
1107 3415 1300 3499 scripsisset:
1328 3421 1384 3495 „ut
1405 3415 1440 3482 in

317 3525 358 3588 M.
373 3524 481 3611 llario
499 3525 551 3587 cui
578 3524 682 3587 fracta
705 3523 794 3607 prius
817 3544 913 3586 crura
936 3529 968 3586 et
992 3523 1075 3588 oculi
1104 3522 1225 3601 effossi,
1259 3522 1382 3588 scilicet
1404 3527 1443 3584 ut

316 3654 374 3718 per
396 3633 539 3716 singulos
564 3638 651 3695 artus
676 3630 872 3716 exspiraret“
898 3631 1008 3694 rhetor
1032 3630 1073 3693 ad
1097 3631 1183 3693 huno
1207 3631 1339 3694 modum
1363 3629 1450 3694 sub·v

315 3767 528 3780 ...,-.,-..---

326 3871 328 3874 ·
408 3846 432 3911 1)
452 3846 753 3912 Παραστρατοπεδεὺσας
778 3851 832 3906 τοῖς
850 3844 985 3909 πολεμίοις
1005 3844 1103 3908 ὤρυττε
1121 3845 1228 3907 τάφρον.

405 3936 432 4003 2)
470 3935 512 3991 De
551 3935 651 3989 mortis
689 3933 821 4004 Spartaci
859 3932 1087 4000 narratiunculis
1124 3931 1258 3988 conferas
1289 3930 1381 3999 Vogel
1417 3931 1439 3988 1.

316 4041 339 4081 c.
352 4028 413 4084 439.
929 4069 936 4077 ,.
1259 4069 1262 4074 .

349 4083 350 4086 ¹
404 4113 431 4184 3)
451 4115 545 4170 Plaut.
559 4113 649 4170 Stich.
667 4118 727 4182 327,
748 4113 811 4170 Seu.
830 4113 940 4170 Phoen.
960 4117 1019 4182 159,
1038 4114 1106 4169 Tac.
1120 4129 1187 4167 anu.
1200 4112 1221 4179 l,
1250 4115 1282 4166 21
1305 4127 1439 4179 „carcere

314 4205 434 4261 effracto
446 4205 565 4260 solvunt
578 4205 721 4260 vincula“.
742 4205 829 4274 Apud
840 4203 1122 4261 Ciceronemhahes“
1131 4200 1438 4270 valvameffringere“,

315 4295 408 4362 „fores
428 4295 607 4364 effringerc“.
