3367 5184
647 1491 813 1567 CAPUT
848 1490 1092 1566 ruamur.

398 1779 495 1842 Bellis
530 1778 699 1842 servilibus
734 1778 768 1840 in
798 1777 908 1841 Sicilia
934 1778 1101 1862 provincia
1129 1778 1227 1862 gestis
1256 1779 1426 1842 tumultum

307 1885 522 1968 gladiatorum
537 1887 588 1949 cui
599 1884 969 1968 Spartaciibellinomen
983 1886 1121 1949 inditum
1138 1883 1221 1965 cst¹)
1237 1907 1301 1949 uon
1324 1887 1427 1948 solum

307 2000 437 2077 proptor
461 1992 702 2056 similitudinem
725 1993 772 2055 rei
797 1993 998 2055 adnectimus
1023 1992 1200 2056 sedetiam
1224 1992 1263 2056 ob
1291 2014 1428 2076 aequam
1478 1982 1482 1989 ¹

276 2172 279 2177 ¹
306 2100 444 2163 fontium
469 2101 622 2184 inopiam,
648 2100 733 2184 quod
752 2101 845 2164 sicuti
862 2108 958 2164 antea
973 2100 1109 2163 Diodori
1126 2105 1158 2163 et
1172 2098 1246 2163 Livi
1262 2101 1426 2184 reliquiae,

307 2229 391 2272 nunc
404 2207 476 2270 Liri
500 2213 532 2270 et
548 2206 679 2270 Sallusti
696 2207 788 2270 nobis
803 2207 1040 2290 comparandae
1056 2214 1152 2290 atque
1167 2207 1429 2290 interpretandae

307 2321 390 2394 sunt,
408 2322 443 2378 ut
458 2336 498 2378 ex
514 2336 625 2378 eorum
642 2314 832 2400 fragmentis
850 2321 1095 2398 ceterorumque
1111 2335 1219 2378 rernm
1235 2315 1428 2398 scriptorum

307 2422 588 2506 descriptionibus,
629 2444 712 2506 quae
745 2423 785 2485 ad
820 2429 963 2486 nostram
995 2430 1134 2486 aetatem
1167 2428 1314 2486 servatae
1337 2428 1427 2501 sunt,

306 2531 481 2616 imaginem
504 2530 589 2594 illius
606 2531 772 2594 seditionis
789 2532 982 2614 cogitatione
999 2548 1128 2615 quoquo
1145 2530 1240 2594 modo
1256 2530 1426 2613 fingamus.

308 2637 537 2708 Quaestionem
578 2644 612 2701 ut
651 2640 876 2702 consuevimus
916 2639 948 2701 in
987 2639 1067 2701 duas
1101 2644 1209 2722 partes
1240 2637 1428 2716 dividimus,

307 2747 440 2810 alteram
465 2767 547 2830 quae
573 2753 621 2810 est
645 2747 684 2810 de
708 2747 849 2832 fontibus
874 2753 906 2810 et
933 2748 1126 2810 auctoritate
1149 2753 1295 2809 veterum
1319 2766 1428 2809 rerum

307 2855 508 2938 scriptorum,
535 2855 670 2918 alteram
693 2856 732 2918 de
758 2855 955 2939 temporibus
980 2855 1144 2918 tumultun.

394 2961 502 3045 Atque
526 2963 559 3025 iu
582 2963 690 3046 priore
715 2963 903 3047 quaestione
927 2962 1105 3042 tractanda,
1132 2982 1173 3024 ue
1197 2982 1235 3024 ea
1259 2983 1342 3045 quae
1366 2962 1429 3024 viri

306 3068 391 3133 docti
415 3069 454 3132 de
478 3068 621 3133 fontibus
645 3069 795 3134 dixerunt
818 3091 994 3154 recoquere
1018 3069 1199 3149 videamur,
1239 3068 1428 3132 Bertoldnm

306 3175 633 3240 Maurenbrecherum
661 3199 844 3262 sequamur,
870 3179 924 3261 qui
948 3177 1153 3240 historiarum
1180 3175 1312 3239 Sallusti
1343 3177 1429 3258 frag-

305 3283 421 3346 mentis
444 3285 629 3368 nuperrime
654 3285 747 3348 editis
772 3291 803 3348 et
820 3285 931 3349 aliast
949 3291 1045 3369 caput
1060 3285 1100 3347 do
1116 3285 1200 3348 bello
1216 3283 1427 3366 fugitivorum

305 3389 512 3475 praemisit.2)

394 3497 522 3561 Primus
540 3506 588 3562 est
599 3499 766 3564 Plutarchi
778 3501 878 3582 locuS,
896 3501 1098 3585 nequeenim
1116 3498 1238 3562 eLivio
1256 3497 1428 3580 quicquam

305 3605 462 3670 habemus
474 3607 535 3670 nisi
548 3629 653 3692 pauca
666 3630 705 3671 ex
718 3609 983 3693 epitomatoribns
996 3609 1051 3692 qui
1063 3609 1213 3671 dicuntur
1226 3610 1258 3668 et
1268 3603 1427 3689 periochis

305 3714 461 3793 restituta,
478 3714 620 3799 Appiani
637 3739 713 3781 vero
728 3718 869 3781 'narratio
886 3717 978 3781 bellis
994 3716 1141 3780 civilibus
1157 3715 1288 3793 inserta,
1306 3711 1393 3796 quod
1410 3733 1427 3773 e

308 3894 519 3902 ——Q

398 4005 423 4069 1)
444 4004 489 4059 Ad
524 4018 609 4058 usum
646 4003 783 4059 vocabuli
818 4001 1019 4073 „Spar·taclus“
1055 4002 1090 4056 cf.
1119 3999 1428 4056 llau'renhreoher:

306 4093 334 4147 C.
342 4092 462 4148 Sallusti
476 4094 544 4149 hist.
556 4093 698 4162 reliquiae
714 4093 784 4148 fasc.
799 4091 1040 4161 IProlegornena.
1072 4091 1427 4161 Lipsiae1891‚p.44n.3;

305 4182 383 4236 servi
403 4183 481 4251 apud
504 4181 692 4238 Plutarchum
713 4184 804 4252 capt
824 4183 1000 4246 Σπαρτάκειοι
1019 4181 1216 4236 nominantur.

395 4273 423 4336 2)
445 4271 551 4328 Fascio.
573 4273 591 4341 l,
611 4289 637 4342 p.
657 4273 746 4328 40-46.
