3367 5184
718 664 915 724 ,9-

254 841 315 904 sihi
331 839 495 920 indidisse,
520 860 629 904 servos
646 839 744 924 Syros
759 837 945 903 nominasse
960 837 1044 920 §Q
1069 839 1278 924 synhedrium
1295 839 1375 925 Syro

255 969 344 1012 more
368 947 569 1012 constituisse
593 945 681 1028 ξ16,
705 947 820 1010 mimos
841 947 990 1031 Syriacos
1014 948 1120 1031 egisse
1140 945 1217 1029 §46
1241 947 1377 1012 Diodori

255 1056 379 1119 auctori
411 1060 522 1118 uotum
554 1054 629 1132 fuit,
663 1053 819 1118 accedunt
850 1054 942 1117 multi
975 1054 1038 1118 loci
1070 1055 1186 1139 quibus
1214 1053 1375 1119 Graecum

255 1162 377 1249 iontem
405 1160 549 1226 Diodoro
572 1162 702 1225 flrrxisse
726 1163 885 1226 evincitur
907 1162 997 1225 velut
1019 1159 1037 1240 ἓ
1059 1161 1102 1226 35
1126 1163 1298 1247 ὑπεραίρων
1320 1165 1377 1246 τὴν
1452 1204 1453 1208 =

256 1266 411 1353 Περσικὴν
440 1272 572 1355 τρυφὴν;
605 1269 829 1354 philosopham
861 1269 1041 1334 doctrinam
1073 1291 1181 1333 rerum
1213 1271 1376 1356 scriptoris

256 1397 352 1460 quern
370 1398 536 1441 servorum
553 1377 706 1440 miserere
722 1378 880 1458 videmus,
904 1399 978 1441 cum
994 1377 1110 1442 Florus
1134 1385 1165 1441 et
1182 1379 1280 1442 ceteri
1303 1378 1376 1442 odio

256 1504 368 1548 eorum
396 1485 541 1563 ardeant,
574 1505 593 1547 a
621 1485 721 1548 stoica
749 1484 836 1547 haud
864 1486 910 1548 ita
938 1485 1110 1549 abhorrere
1139 1491 1287 1570 apparet3
1320 1485 1398 1556 sed,

255 1591 361 1675 ipsum
393 1591 603 1677 Posidonium
637 1627 678 1636 -
712 1592 797 1675 quod
830 1593 986 1656 miramur
1017 1599 1092 1656 ante
1125 1614 1183 1656 uos
1215 1593 1376 1657 nominem

175 1746 177 1752 .
256 1699 465 1780 ostendisse1)
479 1735 520 1744 —
534 1699 595 1763 hoc
619 1700 688 1763 loco
706 1701 864 1784 capimus:
891 1701 995 1780 §neb
1019 1701 1079 1764 ὑπὸ
1094 1705 1154 1786 γὰρ
1176 1713 1232 1786 της
1254 1721 1377 1787 πεπρω-

257 1806 348 1892 μένης
372 1809 473 1884 αὐτοῖς
495 1808 697 1893 κεκυρῶσθαι
720 1810 776 1892 τὴν
799 1808 933 1893 πατρίδα
952 1811 1009 1893 τὴν
1024 1805 1149 1890 Ἔνναν,
1173 1809 1269 1873 οὖσαν
1284 1809 1378 1893 ἀκρο-

256 1915 346 1980 πολιν
380 1914 454 1999 ὅλης
487 1925 542 1999 τῆς
576 1915 686 2000 νήσου;
719 1921 755 1977 ut
787 1921 913 1979 taceam
941 1915 982 1979 de
1010 1913 1146 1997 stoiea2)
1169 1913 1377 2002 reaccipiunt,

258 2021 469 2086 Posidonium
486 2023 519 2086 in
544 2023 760 2106 geographico
776 2022 869 2104 libro,
894 2024 950 2107 qui
969 2024 1030 2104 ,de
1047 2023 1186 2087 oceauo“
1206 2023 1379 2108 inscriptus

257 2128 328 2209 fuit,
352 2128 502 2192 Hennam
528 2129 649 2193 celsum
674 2129 827 2214 oppidum
851 2150 958 2194 arcem
976 2129 1178 2194 Siciliensem
1199 2129 1378 2215 appellasse

259 2235 374 2300 Strabo
399 2257 507 2320 geogr.
522 2235 579 2316 Vl,
604 2235 668 2299 273
686 2241 797 2301 auctor
820 2243 883 2301 est:
912 2240 987 2322 φησί
1011 2234 1065 2302 δ’ὁ
1088 2237 1292 2314 Ποσειδώνιος
1314 2236 1378 2303 οἶον

257 2340 443 2427 ἀκροπόλεις
471 2341 520 2410 ἐπὶ
548 2344 709 2427 θαλάττης
737 2344 792 2408 δύο
819 2345 875 2421 τὰς
902 2342 1126 2429 Συρακούσσας
1154 2345 1298 2430 ἱδρῦσθαι
1324 2346 1378 2409 καὶ

256 2455 309 2516 τὸν
336 2447 468 2536 Ἔρυκα,
504 2451 601 2536 μέσην
625 2448 651 2516 δ’
666 2453 779 2537 ἀμφοῖν
803 2452 1008 2537 ὑπερκεῖσθαι
1037 2461 1099 2516 τῶν
1122 2451 1242 2543 κύκλοι
1264 2450 1378 2516 πεδίων

256 2560 314 2642 τὴν
336 2552 464 2638 Ἔνναν;
498 2559 574 2643 quin
598 2559 697 2642 igitur
720 2559 861 2624 historiis
885 2559 998 2623 eadem
1022 2559 1164 2643 imagine
1187 2580 1261 2622 curn
1285 2579 1379 2622 usum

261 2687 331 2729 esse
354 2666 526 2750 putamus?
551 2699 592 2710 —·
617 2666 656 2730 Id
680 2687 807 2751 quoque
830 2667 984 2750 respicias
1008 2666 1094 2752 quod
1116 2666 1207 2730 initio
1224 2666 1380 2730 tumultus

265 2772 442 2836 Siciliensis
456 2779 584 2837 narrato
595 2773 761 2838 Diodorus
774 2773 947 2837 seditiones
960 2774 1032 2837 aliis
1043 2774 1122 2837 locis
1135 2779 1220 2836 ortas
1231 2773 1381 2851 inseruit3

260 2885 362 2942 exstat
386 2881 472 2942 euim
496 2881 582 2964 apud
598 2881 803 2946 Athenaeum
813 2880 871 2961 VI,
898 2882 990 2945 ttae
1008 2881 1023 2944 i
1041 2881 1260 2965 fragmentum
1277 2881 1379 2965 quod-

258 2984 333 3048 dam
349 2984 503 3050 Posidoni
536 2988 575 3050 de
609 2990 710 3052 servis
735 2988 816 3054 Suui
837 2989 1121 3068 tumultuantibus,
1147 2987 1188 3051 ad
1211 2987 1298 3072 quod
1321 3011 1379 3052 suo

260 3091 331 3154 loco
355 3091 540 3176 diligentius
563 3094 748 3158 redibimus.

266 3197 268 3203 ⁴
347 3196 520 3263 Difficilior
536 3199 681 3284 quaestio
698 3208 746 3265 est
763 3203 802 3266 de
815 3202 949 3265 alterius
959 3202 1035 3266 belli
1047 3199 1225 3265 Siciliensis
1237 3201 1379 3266 fontibus

261 3325 359 3389 quarn
392 3307 453 3370 viri
486 3307 570 3370 docti
601 3308 710 3392 inique
741 3309 921 3392 neglexisse
945 3309 1104 3372 videntur.
1152 3308 1259 3380 Quid?
1294 3310 1380 3392 quod

259 3411 421 3478 Gensicke
443 3436 474 3500 p.
496 3417 535 3477 14
549 3436 596 3499 sq.
619 3415 659 3478 ad
683 3436 737 3479 eos
768 3417 823 3500 qui
847 3417 886 3480 de
903 3418 1010 3500 priore
1027 3416 1166 3480 tumultu
1184 3417 1381 3500 scripserunt

259 3521 432 3606 praecipue
457 3521 640 3586 Wilmsium
668 3544 844 3609 provocare
869 3545 931 3587 non
956 3530 1099 3603 veretur3
1146 3522 1202 3586 sed
1226 3523 1323 3586 etiam
1347 3524 1380 3587 iu

258 3629 318 3692 hoc
355 3630 439 3693 bello
472 3630 634 3694 narrando
658 3629 839 3695 Diodorum
867 3630 1022 3713 Posidoui
1054 3629 1205 3694 historias
1235 3636 1382 3696 secutum

258 3771 472 3782 Ἣ...-

351 3842 378 3908 1)
400 3841 477 3897 Bake
505 3857 570 3912 pag.
592 3844 655 3909 1323
703 3842 805 3898 Ezech.
834 3841 1016 3912 Spauhem.
1045 3843 1191 3899 observat.
1220 3845 1250 3899 in
1279 3843 1380 3913 hymn.

260 3930 371 3985 callim.
393 3931 426 3998 ll,
447 3934 497 3986 759
518 3931 655 3998 (Ernesti)
676 3931 767 4000 Lugd.
787 3931 849 3988 Bat.
871 3935 948 3988 1761.

348 4020 376 4087 2)
395 4019 585 4076 Posidonium
607 4024 666 4086 περὶ
689 4024 844 4087 εἱμαρμένης
867 4021 1021 4092 scripsisse
1040 4024 1140 4077 notum
1161 4025 1217 4087 est;
1249 4036 1325 4091 quae
1344 4021 1381 4076 de

259 4107 320 4162 fato
344 4108 520 4164 iudicaverit
544 4109 627 4180 legas
655 4111 733 4181 apud
759 4113 792 4166 A.
816 4110 1075 4166 Schmekelum:
1113 4111 1167 4167 Die
1192 4110 1381 4180 Philosophia

261 4195 313 4252 dor
339 4199 486 4254 mittiereu
510 4197 586 4254 Stoa.
624 4199 753 4256 Berolini
774 4203 844 4255 1892
867 4216 895 4269 p.
909 4202 970 4266 244,
998 4202 1059 4269 247,
1088 4203 1138 4257 251
1152 4216 1193 4270 sq.
1223 4200 1260 4256 dc
1279 4200 1381 4257 divino

262 4285 358 4341 furore
379 4287 414 4342 cf.
435 4287 555 4343 Barth:
576 4288 652 4344 Stoa.
690 4288 835 4356 Stuttgart
857 4290 924 4343 1903
943 4302 970 4357 p.
991 4292 1033 4344 55.
