3367 5184
786 641 1006 706 -50-

333 822 515 888 ascendunt
530 826 675 905 spectare
688 820 898 884 manifestum
919 827 968 884 est
987 842 1060 884 curn
1080 821 1140 885 hoc
1160 821 1283 885 scribit:
1307 821 1459 906 ὀφθέντες

332 927 373 996 δ”
389 931 449 996 ὑπὸ
483 929 564 993 δυεῖν
598 937 754 1012 γυναικῶν
789 924 1015 1013 προθυομένων
1049 939 1113 1005 τοῖς
1142 925 1313 1014 πολεμίοις,
1352 949 1458 1012 neque

333 1058 411 1102 vero
446 1037 552 1100 minus
587 1036 692 1099 elucet
730 1045 805 1100 eum
840 1035 922 1098 falso
961 1035 1205 1119 interpretatum
1245 1057 1326 1116 esse,
1372 1035 1458 1120 quod

336 1150 522 1226 „menstrua
538 1142 681 1208 solverc“
700 1143 785 1206 idem
803 1148 964 1226 astatque
990 1145 1298 1223 „menstruationem
1316 1142 1457 1206 facere“.

334 1251 418 1315 Sunt
443 1250 587 1335 quidem,
624 1250 679 1333 qui
708 1249 895 1314 Sallustium
928 1256 1095 1314 menstrua
1127 1272 1220 1314 sacra
1253 1249 1458 1334 exsequenda

334 1359 517 1444 significare
542 1358 704 1421 affirment
713 1355 751 1438 1),
774 1357 831 1421 sed
855 1357 910 1440 qui
925 1355 1137 1420 Plutarchum
1160 1357 1326 1422 Romanos
1349 1378 1457 1421 rerum

335 1467 507 1550 scriptores
531 1485 628 1550 saepe
651 1465 732 1529 falso
756 1470 882 1529 vertere
905 1486 971 1528 nou
994 1465 1133 1548 ignorat,
1157 1466 1197 1529 de
1214 1467 1349 1530 veritate
1373 1466 1458 1528 illius

333 1573 553 1638 translationis
577 1571 746 1636 dubitabit.
766 1607 807 1615 -
824 1571 947 1635 Eadem
963 1593 1083 1656 pugna,
1105 1595 1170 1656 qua
1190 1573 1231 1636 ab
1252 1572 1316 1636 illis
1332 1572 1457 1637 duabus

334 1681 532 1746 mulierculis
565 1679 701 1742 insidiae
732 1678 955 1742 Romanorum
984 1677 1094 1742 Crassi
1124 1679 1296 1764 prudentia
1326 1687 1457 1764 paratae

334 1789 629 1873 conspiciebantur,
680 1786 851 1850 duodecim
894 1787 984 1850 milia
1022 1808 1190 1851 servorum
1229 1794 1261 1851 et
1298 1793 1458 1852 trecentos

334 1897 489 1961 occidisse
505 1894 698 1959 Plutarchus
714 1915 784 1977 cap.
807 1896 842 1956 11
864 1900 984 1974 narrat,
1014 1892 1070 1958 sed
1093 1896 1175 1959 duos
1198 1902 1324 1958 tantum
1348 1895 1388 1958 de
1412 1901 1459 1959 tot

334 2004 464 2070 milibus
489 2024 508 2066 a
527 2010 615 2086 tergo
632 2003 758 2065 saucios
775 2001 941 2066 Romanos
956 2004 1151 2086 repperisse3
1176 2003 1253 2066 talia
1270 2001 1457 2066 Sallustium

334 2133 400 2176 nou
424 2111 604 2181 tabulatum
627 2130 715 2189 esse,
752 2108 891 2174 alterum
913 2110 1012 2194 igitur
1035 2110 1079 2174 ibi
1102 2110 1223 2174 fontem
1248 2109 1458 2174 Plutarchum

334 2217 541 2302 exscripsisse
566 2218 658 2281 multi
686 2216 869 2296 affirmant3
908 2217 993 2301 quod
1018 2217 1081 2281 illis
1105 2240 1163 2281 uos
1186 2239 1250 2281 non
1273 2220 1369 2282 modo
1393 2240 1457 2282 non

334 2325 506 2406 credimus,
530 2325 587 2388 sed
611 2324 708 2387 etiam
733 2323 772 2387 de
798 2324 895 2386 simili
908 2324 1091 2387 narratione
1114 2325 1336 2405 admonemus
1360 2346 1458 2409 quam

335 2431 494 2496 caribnae
518 2433 639 2496 coniur.
657 2453 727 2516 cap.
745 2433 797 2511 61,
815 2434 834 2495 2
851 2432 994 2495 inserere
1012 2431 1182 2495 Sallustius
1203 2453 1268 2496 non
1289 2434 1456 2510 dubitavit,

334 2541 391 2605 nbi
421 2540 481 2603 boc
511 2539 665 2623 scriptum
690 2545 752 2602 est:
791 2560 887 2618 „nam
910 2538 979 2601 fere
1003 2559 1099 2622 quem
1124 2542 1260 2623 quisque
1283 2539 1374 2604 rivos
1397 2562 1457 2624 pu·

334 2647 464 2732 gnando
487 2646 595 2710 locum
619 2653 761 2730 ceperat,
786 2667 862 2710 eum
885 2645 1004 2709 amissa
1028 2647 1136 2710 anima
1161 2669 1295 2731 corpore
1316 2649 1456 2732 tegebat,

333 2755 429 2840 pauci
458 2759 565 2818 autem
589 2775 669 2838 quos
694 2753 817 2817 medios
842 2753 957 2817 cohors
980 2755 1143 2837 praetoria
1167 2755 1337 2818 disiecerat
1361 2755 1458 2839 paulo

334 2861 494 2926 divorsius
518 2862 574 2925 sed
599 2883 711 2926 omnes
728 2867 836 2926 tamen
854 2862 1000 2926 advorsis
1015 2862 1202 2926 volneribus
1218 2864 1454 2928 conciderant.“

334 2968 376 3032 Et
391 2969 502 3053 paucis
518 2975 591 3054 post
606 2969 661 3034 ubi
679 2970 790 3034 ultimo
805 2970 929 3055 proelio
942 2970 1018 3034 belli
1030 2970 1239 3054 fugitivorum
1254 2971 1456 3055 Spartacum,

335 3077 1458 3162 utaequaomnescondicionedimicarent,equumaservisadductum

334 3183 533 3248 transfixisse
549 3183 742 3248 Plutarchus
761 3184 869 3265 tradit,
893 3185 965 3269 quis
981 3192 1044 3266 est,
1068 3186 1145 3270 quin
1163 3187 1308 3250 eiusdem
1326 3186 1458 3250 Sallusti

335 3292 368 3356 iu
393 3292 514 3356 coniur.
532 3290 626 3356 Catil.
645 3295 731 3372 59,1
760 3293 944 3356 meminerit
966 3293 1061 3356 huius
1084 3294 1174 3357 dicti:
1214 3293 1364 3373 ,remotis
1388 3314 1457 3356 om·

334 3399 424 3465 nium
442 3400 544 3484 equis,
567 3422 630 3484 quo
648 3400 802 3464 militibus
820 3407 997 3484 exaequato
1014 3401 1156 3485 periculo
1174 3401 1301 3464 animus
1320 3399 1458 3483 amplior

334 3512 430 3586 esset,
454 3507 522 3591 ipse
545 3509 645 3592 pedes
668 3508 845 3572 exercitum
869 3529 926 3592 pro
950 3509 1020 3571 loco
1044 3514 1141 3592 atque
1158 3507 1258 3592 copiis
1274 3505 1455 3570 instruxit.“

334 3613 459 3686 Quibus
483 3611 638 3697 reputatis
659 3615 686 3679 si
703 3614 744 3678 ad
761 3616 1037 3680 narratiunculam
1052 3615 1142 3677 illam
1157 3613 1326 3678 Plutarchi
1342 3634 1412 3696 cap.
1425 3614 1456 3693 8,

334 3727 517 3806 serpentem
542 3721 697 3806 Spartaco
725 3743 825 3806 puero
850 3723 1022 3786 dormienti
1045 3722 1321 3806 appropinquasse
1346 3726 1456 3805 caput-

335 3848 408 3913 que¹
424 3829 676 3914 circumplexum
700 3831 793 3913 quasi
814 3851 910 3894 omen
928 3830 1057 3892 futurae
1074 3835 1107 3891 et
1122 3829 1273 3892 terribilis
1288 3829 1458 3913 potestatis

334 3936 442 4002 abisse
471 3944 643 4022 autequam
679 3937 728 4001 illi
755 3939 931 4016 nocuisset,
967 3937 1165 4018 accedimus,
1201 3937 1385 4001 dubitamus
1415 3957 1457 3999 an

334 4066 401 4110 non
433 4044 763 4111 Maurenbrecherum
795 4046 886 4130 sequi
920 4065 1050 4108 necesse
1083 4045 1140 4124 sit,
1179 4046 1235 4130 qui
1263 4067 1281 4108 e
1305 4044 1459 4109 Sallustio

426 4278 453 4342 l)
473 4275 596 4345 Lipsius
616 4275 800 4344 Debrossius,
819 4275 961 4330 lleissner
978 4291 1006 4345 p.
1022 4277 1080 4330 118.
