<?xml version="1.0" encoding="UTF-8"?>
<!DOCTYPE html PUBLIC "-//W3C//DTD XHTML 1.0 Transitional//EN"
    "http://www.w3.org/TR/xhtml1/DTD/xhtml1-transitional.dtd">
<html xmlns="http://www.w3.org/1999/xhtml" xml:lang="en" lang="en">
 <head>
  <title>
</title>
<meta http-equiv="Content-Type" content="text/html;charset=utf-8" />
  <meta name='ocr-system' content='tesseract 3.04.00' />
  <meta name='ocr-capabilities' content='ocr_page ocr_carea ocr_par ocr_line ocrx_word'/>
</head>
<body>
  <div class='ocr_page' id='page_1' title='image "./deromanorvmbell00rathgoog_0036.png"; bbox 0 0 3367 5184; ppageno 0'>
   <div class='ocr_carea' id='block_1_1' title="bbox 755 647 973 710">
    <p class='ocr_par' dir='ltr' id='par_1_1' title="bbox 755 647 973 710">
     <span class='ocr_line' id='line_1_1' title="bbox 755 647 973 710; baseline 0.009 -20"><span class='ocrx_word' id='word_1_1' title='bbox 755 647 973 710; x_wconf 62' lang='lat'><strong>—30....</strong></span> 
     </span>
    </p>
   </div>
   <div class='ocr_carea' id='block_1_2' title="bbox 302 824 1452 4021">
    <p class='ocr_par' dir='ltr' id='par_1_2' title="bbox 303 824 1424 2194">
     <span class='ocr_line' id='line_1_2' title="bbox 305 824 1423 908; baseline 0.004 -24"><span class='ocrx_word' id='word_1_2' title='bbox 305 843 425 886; x_wconf 91' lang='lat' dir='ltr'>annum</span> <span class='ocrx_word' id='word_1_3' title='bbox 452 825 527 896; x_wconf 83' lang='lat'>134,</span> <span class='ocrx_word' id='word_1_4' title='bbox 569 825 653 908; x_wconf 94' lang='lat' dir='ltr'>quod</span> <span class='ocrx_word' id='word_1_5' title='bbox 681 824 765 889; x_wconf 86' lang='lat' dir='ltr'>infra</span> <span class='ocrx_word' id='word_1_6' title='bbox 787 825 983 904; x_wconf 84' lang='lat' dir='ltr'>videbimus,</span> <span class='ocrx_word' id='word_1_7' title='bbox 1019 824 1113 888; x_wconf 89' lang='lat' dir='ltr'>ltalia</span> <span class='ocrx_word' id='word_1_8' title='bbox 1136 832 1168 888; x_wconf 88' lang='lat' dir='ltr'>et</span> <span class='ocrx_word' id='word_1_9' title='bbox 1191 826 1297 889; x_wconf 86' lang='lat' dir='ltr'>Attica</span> <span class='ocrx_word' id='word_1_10' title='bbox 1322 832 1354 889; x_wconf 90' lang='lat' dir='ltr'>et</span> <span class='ocrx_word' id='word_1_11' title='bbox 1375 827 1423 896; x_wconf 72' lang='lat' dir='ltr'>in,-</span> 
     </span>
     <span class='ocr_line' id='line_1_3' title="bbox 305 928 1424 1016; baseline 0.004 -25"><span class='ocrx_word' id='word_1_12' title='bbox 305 931 394 992; x_wconf 91' lang='lat' dir='ltr'>sulae</span> <span class='ocrx_word' id='word_1_13' title='bbox 418 928 575 994; x_wconf 78' lang='lat' dir='ltr'>Graeciae</span> <span class='ocrx_word' id='word_1_14' title='bbox 599 939 775 1016; x_wconf 76' lang='lat' dir='ltr'><strong>occupatae</strong></span> <span class='ocrx_word' id='word_1_15' title='bbox 800 939 887 1002; x_wconf 74' lang='lat' dir='ltr'>sunt,</span> <span class='ocrx_word' id='word_1_16' title='bbox 917 933 1150 1012; x_wconf 83' lang='lat' dir='ltr'>demonstrant,</span> <span class='ocrx_word' id='word_1_17' title='bbox 1175 933 1231 995; x_wconf 89' lang='lat' dir='ltr'>sed</span> <span class='ocrx_word' id='word_1_18' title='bbox 1255 933 1424 996; x_wconf 88' lang='lat' dir='ltr'>confirmat</span> 
     </span>
     <span class='ocr_line' id='line_1_4' title="bbox 304 1038 1422 1122; baseline 0.004 -23"><span class='ocrx_word' id='word_1_19' title='bbox 304 1039 399 1100; x_wconf 91' lang='lat' dir='ltr'>etiam</span> <span class='ocrx_word' id='word_1_20' title='bbox 441 1059 556 1100; x_wconf 88' lang='lat' dir='ltr'>nomeu</span> <span class='ocrx_word' id='word_1_21' title='bbox 592 1038 700 1102; x_wconf 88' lang='lat' dir='ltr'>Plauti</span> <span class='ocrx_word' id='word_1_22' title='bbox 735 1039 879 1122; x_wconf 80' lang='lat' dir='ltr'>Hypsaei</span> <span class='ocrx_word' id='word_1_23' title='bbox 913 1061 1010 1122; x_wconf 90' lang='lat' dir='ltr'>quern</span> <span class='ocrx_word' id='word_1_24' title='bbox 1044 1061 1101 1102; x_wconf 91' lang='lat' dir='ltr'>suo</span> <span class='ocrx_word' id='word_1_25' title='bbox 1129 1041 1199 1102; x_wconf 91' lang='lat' dir='ltr'>iure</span> <span class='ocrx_word' id='word_1_26' title='bbox 1226 1041 1259 1104; x_wconf 90' lang='lat' dir='ltr'>in</span> <span class='ocrx_word' id='word_1_27' title='bbox 1287 1062 1422 1104; x_wconf 90' lang='lat' dir='ltr'>numero</span> 
     </span>
     <span class='ocr_line' id='line_1_5' title="bbox 304 1146 1423 1230; baseline 0.004 -24"><span class='ocrx_word' id='word_1_28' title='bbox 304 1151 488 1227; x_wconf 86' lang='lat' dir='ltr'>praetorum</span> <span class='ocrx_word' id='word_1_29' title='bbox 514 1146 567 1228; x_wconf 92' lang='lat' dir='ltr'>qui</span> <span class='ocrx_word' id='word_1_30' title='bbox 589 1147 744 1210; x_wconf 90' lang='lat' dir='ltr'>tumultus</span> <span class='ocrx_word' id='word_1_31' title='bbox 761 1146 945 1210; x_wconf 81' lang='lat' dir='ltr'>Sicilienses</span> <span class='ocrx_word' id='word_1_32' title='bbox 963 1147 1166 1230; x_wconf 69' lang='lat' dir='ltr'>exstinguere</span> <span class='ocrx_word' id='word_1_33' title='bbox 1181 1169 1245 1210; x_wconf 90' lang='lat' dir='ltr'>nou</span> <span class='ocrx_word' id='word_1_34' title='bbox 1262 1148 1423 1225; x_wconf 88' lang='lat' dir='ltr'>potuerint</span> 
     </span>
     <span class='ocr_line' id='line_1_6' title="bbox 304 1250 1420 1339; baseline 0.004 -28"><span class='ocrx_word' id='word_1_35' title='bbox 304 1250 451 1314; x_wconf 90' lang='lat' dir='ltr'>ultimum</span> <span class='ocrx_word' id='word_1_36' title='bbox 458 1251 573 1316; x_wconf 81' lang='lat' dir='ltr'>Florus</span> <span class='ocrx_word' id='word_1_37' title='bbox 586 1260 690 1331; x_wconf 84' lang='lat' dir='ltr'>notat3</span> <span class='ocrx_word' id='word_1_38' title='bbox 704 1252 804 1336; x_wconf 82' lang='lat' dir='ltr'>quid?</span> <span class='ocrx_word' id='word_1_39' title='bbox 816 1254 962 1337; x_wconf 90' lang='lat' dir='ltr'>plerique</span> <span class='ocrx_word' id='word_1_40' title='bbox 969 1255 1031 1317; x_wconf 81' lang='lat' dir='ltr'>viri</span> <span class='ocrx_word' id='word_1_41' title='bbox 1043 1255 1138 1333; x_wconf 88' lang='lat' dir='ltr'>docti,</span> <span class='ocrx_word' id='word_1_42' title='bbox 1152 1276 1225 1318; x_wconf 91' lang='lat' dir='ltr'>oum</span> <span class='ocrx_word' id='word_1_43' title='bbox 1234 1254 1420 1339; x_wconf 85' lang='lat' dir='ltr'>Hypsaeum</span> 
     </span>
     <span class='ocr_line' id='line_1_7' title="bbox 304 1359 1420 1444; baseline 0.004 -26"><span class='ocrx_word' id='word_1_44' title='bbox 304 1359 443 1441; x_wconf 86' lang='lat' dir='ltr'>primum</span> <span class='ocrx_word' id='word_1_45' title='bbox 468 1367 523 1423; x_wconf 90' lang='lat' dir='ltr'>aut</span> <span class='ocrx_word' id='word_1_46' title='bbox 545 1361 720 1423; x_wconf 89' lang='lat' dir='ltr'>secundum</span> <span class='ocrx_word' id='word_1_47' title='bbox 744 1361 858 1424; x_wconf 89' lang='lat' dir='ltr'>ducem</span> <span class='ocrx_word' id='word_1_48' title='bbox 883 1360 982 1423; x_wconf 82' lang='lat' dir='ltr'>luisse</span> <span class='ocrx_word' id='word_1_49' title='bbox 1003 1365 1146 1444; x_wconf 88' lang='lat' dir='ltr'>quicum</span> <span class='ocrx_word' id='word_1_50' title='bbox 1171 1361 1278 1424; x_wconf 76' lang='lat' dir='ltr'>Iduno</span> <span class='ocrx_word' id='word_1_51' title='bbox 1302 1362 1420 1424; x_wconf 92' lang='lat' dir='ltr'>bellum</span> 
     </span>
     <span class='ocr_line' id='line_1_8' title="bbox 304 1465 1422 1552; baseline 0.002 -25"><span class='ocrx_word' id='word_1_52' title='bbox 304 1466 455 1548; x_wconf 85' lang='lat' dir='ltr'>gessisset</span> <span class='ocrx_word' id='word_1_53' title='bbox 475 1489 492 1528; x_wconf 91' lang='lat' dir='ltr'>e</span> <span class='ocrx_word' id='word_1_54' title='bbox 508 1465 652 1531; x_wconf 87' lang='lat' dir='ltr'>Diodoro</span> <span class='ocrx_word' id='word_1_55' title='bbox 675 1470 752 1531; x_wconf 89' lang='lat' dir='ltr'>satis</span> <span class='ocrx_word' id='word_1_56' title='bbox 769 1469 896 1531; x_wconf 83' lang='lat' dir='ltr'>elucere</span> <span class='ocrx_word' id='word_1_57' title='bbox 911 1467 1145 1552; x_wconf 79' lang='lat' dir='ltr'>intellegerent,</span> <span class='ocrx_word' id='word_1_58' title='bbox 1171 1475 1206 1531; x_wconf 82' lang='lat' dir='ltr'>ut</span> <span class='ocrx_word' id='word_1_59' title='bbox 1219 1468 1308 1532; x_wconf 81' lang='lat' dir='ltr'>Flori</span> <span class='ocrx_word' id='word_1_60' title='bbox 1324 1469 1422 1530; x_wconf 85' lang='lat' dir='ltr'>bene-</span> 
     </span>
     <span class='ocr_line' id='line_1_9' title="bbox 303 1571 1422 1660; baseline 0.002 -26"><span class='ocrx_word' id='word_1_61' title='bbox 303 1571 376 1635; x_wconf 86' lang='lat' dir='ltr'>ficio</span> <span class='ocrx_word' id='word_1_62' title='bbox 400 1595 512 1636; x_wconf 92' lang='lat' dir='ltr'>omnes</span> <span class='ocrx_word' id='word_1_63' title='bbox 536 1581 686 1658; x_wconf 85' lang='lat' dir='ltr'>quattuor</span> <span class='ocrx_word' id='word_1_64' title='bbox 708 1580 873 1660; x_wconf 88' lang='lat' dir='ltr'>praetores</span> <span class='ocrx_word' id='word_1_65' title='bbox 897 1597 969 1637; x_wconf 87' lang='lat' dir='ltr'>cum</span> <span class='ocrx_word' id='word_1_66' title='bbox 986 1575 1080 1638; x_wconf 75' lang='lat' dir='ltr'>lluno</span> <span class='ocrx_word' id='word_1_67' title='bbox 1095 1596 1257 1659; x_wconf 84' lang='lat' dir='ltr'>pugnasse</span> <span class='ocrx_word' id='word_1_68' title='bbox 1273 1575 1422 1637; x_wconf 88' lang='lat' dir='ltr'>omnibus</span> 
     </span>
     <span class='ocr_line' id='line_1_10' title="bbox 304 1679 1420 1767; baseline 0.003 -27"><span class='ocrx_word' id='word_1_69' title='bbox 304 1679 407 1742; x_wconf 92' lang='lat' dir='ltr'>modis</span> <span class='ocrx_word' id='word_1_70' title='bbox 425 1680 552 1744; x_wconf 86' lang='lat' dir='ltr'>efficere</span> <span class='ocrx_word' id='word_1_71' title='bbox 570 1681 744 1760; x_wconf 84' lang='lat' dir='ltr'>studerent,</span> <span class='ocrx_word' id='word_1_72' title='bbox 758 1683 844 1745; x_wconf 92' lang='lat' dir='ltr'>hunc</span> <span class='ocrx_word' id='word_1_73' title='bbox 857 1683 1002 1745; x_wconf 85' lang='lat' dir='ltr'>ordinem</span> <span class='ocrx_word' id='word_1_74' title='bbox 1014 1688 1200 1767; x_wconf 86' lang='lat' dir='ltr'>praetorum</span> <span class='ocrx_word' id='word_1_75' title='bbox 1212 1684 1420 1746; x_wconf 81' lang='lat' dir='ltr'>inverterunt.</span> 
     </span>
     <span class='ocr_line' id='line_1_11' title="bbox 304 1785 1421 1872; baseline 0.002 -24"><span class='ocrx_word' id='word_1_76' title='bbox 304 1785 370 1849; x_wconf 91' lang='lat' dir='ltr'>Nos</span> <span class='ocrx_word' id='word_1_77' title='bbox 394 1787 582 1872; x_wconf 85' lang='lat' dir='ltr'>Hypsaeum</span> <span class='ocrx_word' id='word_1_78' title='bbox 609 1811 628 1852; x_wconf 93' lang='lat' dir='ltr'>a</span> <span class='ocrx_word' id='word_1_79' title='bbox 644 1795 768 1867; x_wconf 79' lang='lat' dir='ltr'>senatu,</span> <span class='ocrx_word' id='word_1_80' title='bbox 793 1790 928 1852; x_wconf 85' lang='lat' dir='ltr'>simulac</span> <span class='ocrx_word' id='word_1_81' title='bbox 944 1791 1085 1872; x_wconf 76' lang='lat' dir='ltr'>gravitas</span> <span class='ocrx_word' id='word_1_82' title='bbox 1102 1789 1267 1852; x_wconf 87' lang='lat' dir='ltr'>seditionis</span> <span class='ocrx_word' id='word_1_83' title='bbox 1283 1788 1421 1852; x_wconf 88' lang='lat' dir='ltr'>Romam</span> 
     </span>
     <span class='ocr_line' id='line_1_12' title="bbox 304 1895 1423 1980; baseline 0.003 -25"><span class='ocrx_word' id='word_1_84' title='bbox 304 1895 451 1958; x_wconf 87' lang='lat' dir='ltr'>nuntiata</span> <span class='ocrx_word' id='word_1_85' title='bbox 474 1902 532 1976; x_wconf 79' lang='lat' dir='ltr'>est,</span> <span class='ocrx_word' id='word_1_86' title='bbox 561 1903 596 1958; x_wconf 87' lang='lat' dir='ltr'>ut</span> <span class='ocrx_word' id='word_1_87' title='bbox 619 1896 725 1960; x_wconf 91' lang='lat' dir='ltr'>medio</span> <span class='ocrx_word' id='word_1_88' title='bbox 750 1917 833 1959; x_wconf 90' lang='lat' dir='ltr'>anno</span> <span class='ocrx_word' id='word_1_89' title='bbox 859 1897 1001 1979; x_wconf 83' lang='lat' dir='ltr'>collegae</span> <span class='ocrx_word' id='word_1_90' title='bbox 1025 1898 1080 1980; x_wconf 91' lang='lat' dir='ltr'>qui</span> <span class='ocrx_word' id='word_1_91' title='bbox 1104 1917 1175 1960; x_wconf 86' lang='lat' dir='ltr'>eam</span> <span class='ocrx_word' id='word_1_92' title='bbox 1200 1897 1330 1960; x_wconf 89' lang='lat' dir='ltr'>sortitus</span> <span class='ocrx_word' id='word_1_93' title='bbox 1354 1903 1423 1959; x_wconf 87' lang='lat' dir='ltr'>erat</span> 
     </span>
     <span class='ocr_line' id='line_1_13' title="bbox 305 2001 1421 2088; baseline 0.003 -26"><span class='ocrx_word' id='word_1_94' title='bbox 305 2001 492 2066; x_wconf 88' lang='lat' dir='ltr'>succederet</span> <span class='ocrx_word' id='word_1_95' title='bbox 525 2010 580 2066; x_wconf 90' lang='lat' dir='ltr'>aut</span> <span class='ocrx_word' id='word_1_96' title='bbox 611 2003 854 2088; x_wconf 78' lang='lat' dir='ltr'>praeficeretur,</span> <span class='ocrx_word' id='word_1_97' title='bbox 893 2005 925 2066; x_wconf 89' lang='lat' dir='ltr'>in</span> <span class='ocrx_word' id='word_1_98' title='bbox 956 2005 1156 2087; x_wconf 80' lang='lat' dir='ltr'>provinciam</span> <span class='ocrx_word' id='word_1_99' title='bbox 1186 2005 1320 2067; x_wconf 89' lang='lat' dir='ltr'>missum</span> <span class='ocrx_word' id='word_1_100' title='bbox 1352 2025 1421 2066; x_wconf 87' lang='lat' dir='ltr'>esse</span> 
     </span>
     <span class='ocr_line' id='line_1_14' title="bbox 304 2109 1423 2194; baseline 0.002 -24"><span class='ocrx_word' id='word_1_101' title='bbox 304 2109 389 2190; x_wconf 91' lang='lat' dir='ltr'>quod</span> <span class='ocrx_word' id='word_1_102' title='bbox 414 2111 497 2193; x_wconf 87' lang='lat' dir='ltr'>apud</span> <span class='ocrx_word' id='word_1_103' title='bbox 517 2109 695 2173; x_wconf 87' lang='lat' dir='ltr'>Diodorum</span> <span class='ocrx_word' id='word_1_104' title='bbox 711 2111 849 2194; x_wconf 89' lang='lat' dir='ltr'>legimus</span> <span class='ocrx_word' id='word_1_105' title='bbox 865 2111 1027 2174; x_wconf 92' lang='lat' dir='ltr'>mordicus</span> <span class='ocrx_word' id='word_1_106' title='bbox 1047 2111 1222 2174; x_wconf 88' lang='lat' dir='ltr'>tenendum</span> <span class='ocrx_word' id='word_1_107' title='bbox 1242 2132 1423 2174; x_wconf 87' lang='lat' dir='ltr'>censemus.</span> 
     </span>
    </p>

    <p class='ocr_par' dir='ltr' id='par_1_3' title="bbox 303 2215 1452 3052">
     <span class='ocr_line' id='line_1_15' title="bbox 394 2215 1421 2302; baseline 0.001 -23"><span class='ocrx_word' id='word_1_108' title='bbox 394 2215 477 2280; x_wconf 83' lang='lat' dir='ltr'>Oum</span> <span class='ocrx_word' id='word_1_109' title='bbox 500 2217 670 2302; x_wconf 90' lang='lat' dir='ltr'>Hypsaeus</span> <span class='ocrx_word' id='word_1_110' title='bbox 694 2227 726 2280; x_wconf 94' lang='lat' dir='ltr'>et</span> <span class='ocrx_word' id='word_1_111' title='bbox 749 2219 803 2302; x_wconf 88' lang='lat' dir='ltr'>qui</span> <span class='ocrx_word' id='word_1_112' title='bbox 828 2225 923 2281; x_wconf 88' lang='lat' dir='ltr'>antea</span> <span class='ocrx_word' id='word_1_113' title='bbox 946 2225 1099 2302; x_wconf 88' lang='lat' dir='ltr'>praetura</span> <span class='ocrx_word' id='word_1_114' title='bbox 1115 2217 1274 2282; x_wconf 82' lang='lat' dir='ltr'>Siciliensi</span> <span class='ocrx_word' id='word_1_115' title='bbox 1291 2218 1421 2281; x_wconf 86' lang='lat' dir='ltr'>functus</span> 
     </span>
     <span class='ocr_line' id='line_1_16' title="bbox 304 2321 1421 2411; baseline 0.004 -27"><span class='ocrx_word' id='word_1_116' title='bbox 304 2329 352 2384; x_wconf 90' lang='lat' dir='ltr'>est</span> <span class='ocrx_word' id='word_1_117' title='bbox 370 2321 563 2407; x_wconf 79' lang='lat' dir='ltr'>Calpurnius</span> <span class='ocrx_word' id='word_1_118' title='bbox 588 2324 670 2388; x_wconf 86' lang='lat' dir='ltr'>Piso&#39;</span> <span class='ocrx_word' id='word_1_119' title='bbox 693 2325 832 2402; x_wconf 76' lang='lat' dir='ltr'>„bellum</span> <span class='ocrx_word' id='word_1_120' title='bbox 856 2325 972 2388; x_wconf 89' lang='lat' dir='ltr'>servile</span> <span class='ocrx_word' id='word_1_121' title='bbox 995 2326 1028 2388; x_wconf 90' lang='lat' dir='ltr'>in</span> <span class='ocrx_word' id='word_1_122' title='bbox 1052 2325 1163 2388; x_wconf 83' lang='lat' dir='ltr'>Sicilia</span> <span class='ocrx_word' id='word_1_123' title='bbox 1185 2331 1290 2388; x_wconf 84' lang='lat' dir='ltr'>ortum</span> <span class='ocrx_word' id='word_1_124' title='bbox 1313 2326 1421 2411; x_wconf 88' lang='lat' dir='ltr'>oppri-</span> 
     </span>
     <span class='ocr_line' id='line_1_17' title="bbox 307 2415 1452 2517; baseline 0.001 -25"><span class='ocrx_word' id='word_1_125' title='bbox 307 2439 484 2494; x_wconf 71' lang='lat' dir='ltr'>mere&#39;non</span> <span class='ocrx_word' id='word_1_126' title='bbox 500 2415 711 2516; x_wconf 80' lang='lat' dir='ltr'>potuissent“‚</span> <span class='ocrx_word' id='word_1_127' title='bbox 728 2432 811 2510; x_wconf 78' lang='lat' dir='ltr'>(Liv.</span> <span class='ocrx_word' id='word_1_128' title='bbox 830 2453 880 2516; x_wconf 91' lang='lat' dir='ltr'>ep.</span> <span class='ocrx_word' id='word_1_129' title='bbox 898 2431 957 2513; x_wconf 82' lang='lat'>56)</span> <span class='ocrx_word' id='word_1_130' title='bbox 980 2439 1088 2517; x_wconf 82' lang='lat' dir='ltr'>patres</span> <span class='ocrx_word' id='word_1_131' title='bbox 1112 2431 1148 2496; x_wconf 83' lang='lat'>0.</span> <span class='ocrx_word' id='word_1_132' title='bbox 1161 2433 1276 2496; x_wconf 82' lang='lat' dir='ltr'>Fulvio</span> <span class='ocrx_word' id='word_1_133' title='bbox 1300 2435 1424 2498; x_wconf 88' lang='lat' dir='ltr'>consuli</span> <span class='ocrx_word' id='word_1_134' title='bbox 1449 2485 1452 2493; x_wconf 91' lang='lat'>.</span> 
     </span>
     <span class='ocr_line' id='line_1_18' title="bbox 304 2537 1420 2623; baseline 0.005 -25"><span class='ocrx_word' id='word_1_135' title='bbox 304 2538 379 2599; x_wconf 91' lang='lat' dir='ltr'>anni</span> <span class='ocrx_word' id='word_1_136' title='bbox 395 2537 456 2600; x_wconf 80' lang='lat'>134</span> <span class='ocrx_word' id='word_1_137' title='bbox 474 2539 672 2621; x_wconf 87' lang='lat' dir='ltr'>provinciam</span> <span class='ocrx_word' id='word_1_138' title='bbox 696 2539 947 2617; x_wconf 81' lang='lat' dir='ltr'>mandaverunt3</span> <span class='ocrx_word' id='word_1_139' title='bbox 971 2561 1035 2623; x_wconf 89' lang='lat' dir='ltr'>quo</span> <span class='ocrx_word' id='word_1_140' title='bbox 1048 2539 1187 2603; x_wconf 86' lang='lat' dir='ltr'>efficitur</span> <span class='ocrx_word' id='word_1_141' title='bbox 1206 2546 1241 2603; x_wconf 85' lang='lat' dir='ltr'>ut</span> <span class='ocrx_word' id='word_1_142' title='bbox 1258 2561 1341 2604; x_wconf 88' lang='lat' dir='ltr'>anuo</span> <span class='ocrx_word' id='word_1_143' title='bbox 1359 2541 1420 2604; x_wconf 75' lang='lat'>135</span> 
     </span>
     <span class='ocr_line' id='line_1_19' title="bbox 303 2644 1421 2730; baseline 0.005 -25"><span class='ocrx_word' id='word_1_144' title='bbox 303 2644 350 2706; x_wconf 92' lang='lat' dir='ltr'>illi</span> <span class='ocrx_word' id='word_1_145' title='bbox 375 2665 454 2728; x_wconf 90' lang='lat' dir='ltr'>quos</span> <span class='ocrx_word' id='word_1_146' title='bbox 478 2645 716 2709; x_wconf 88' lang='lat' dir='ltr'>nominavimus</span> <span class='ocrx_word' id='word_1_147' title='bbox 740 2646 804 2709; x_wconf 92' lang='lat' dir='ltr'>duo</span> <span class='ocrx_word' id='word_1_148' title='bbox 829 2653 994 2730; x_wconf 88' lang='lat' dir='ltr'>praetores</span> <span class='ocrx_word' id='word_1_149' title='bbox 1018 2668 1090 2710; x_wconf 86' lang='lat' dir='ltr'>eam</span> <span class='ocrx_word' id='word_1_150' title='bbox 1113 2649 1256 2710; x_wconf 88' lang='lat' dir='ltr'>rexerint</span> <span class='ocrx_word' id='word_1_151' title='bbox 1278 2648 1360 2712; x_wconf 87' lang='lat' dir='ltr'>alter</span> <span class='ocrx_word' id='word_1_152' title='bbox 1381 2671 1421 2712; x_wconf 86' lang='lat' dir='ltr'>ex</span> 
     </span>
     <span class='ocr_line' id='line_1_20' title="bbox 304 2753 1422 2840; baseline 0.003 -24"><span class='ocrx_word' id='word_1_153' title='bbox 304 2759 389 2816; x_wconf 89' lang='lat' dir='ltr'>sorte</span> <span class='ocrx_word' id='word_1_154' title='bbox 422 2753 504 2816; x_wconf 87' lang='lat' dir='ltr'>alter</span> <span class='ocrx_word' id='word_1_155' title='bbox 543 2775 638 2838; x_wconf 91' lang='lat' dir='ltr'>quem</span> <span class='ocrx_word' id='word_1_156' title='bbox 672 2755 836 2818; x_wconf 89' lang='lat' dir='ltr'>mensibus</span> <span class='ocrx_word' id='word_1_157' title='bbox 869 2755 977 2819; x_wconf 88' lang='lat' dir='ltr'>nescio</span> <span class='ocrx_word' id='word_1_158' title='bbox 1010 2763 1087 2839; x_wconf 90' lang='lat' dir='ltr'>quot</span> <span class='ocrx_word' id='word_1_159' title='bbox 1116 2756 1256 2840; x_wconf 85' lang='lat' dir='ltr'>peractis</span> <span class='ocrx_word' id='word_1_160' title='bbox 1290 2762 1422 2840; x_wconf 91' lang='lat' dir='ltr'>propter</span> 
     </span>
     <span class='ocr_line' id='line_1_21' title="bbox 303 2860 1422 2944; baseline 0.004 -23"><span class='ocrx_word' id='word_1_161' title='bbox 303 2860 378 2922; x_wconf 87' lang='lat' dir='ltr'>belli</span> <span class='ocrx_word' id='word_1_162' title='bbox 407 2862 586 2944; x_wconf 88' lang='lat' dir='ltr'>periculum</span> <span class='ocrx_word' id='word_1_163' title='bbox 617 2869 747 2925; x_wconf 82' lang='lat' dir='ltr'>senatus</span> <span class='ocrx_word' id='word_1_164' title='bbox 775 2863 922 2942; x_wconf 79' lang='lat' dir='ltr'>miserat3</span> <span class='ocrx_word' id='word_1_165' title='bbox 947 2863 1082 2926; x_wconf 89' lang='lat' dir='ltr'>eodem</span> <span class='ocrx_word' id='word_1_166' title='bbox 1107 2884 1190 2926; x_wconf 89' lang='lat' dir='ltr'>anno</span> <span class='ocrx_word' id='word_1_167' title='bbox 1214 2863 1343 2926; x_wconf 80' lang='lat' dir='ltr'>Eanum</span> <span class='ocrx_word' id='word_1_168' title='bbox 1367 2864 1422 2926; x_wconf 89' lang='lat' dir='ltr'>de·</span> 
     </span>
     <span class='ocr_line' id='line_1_22' title="bbox 303 2951 1421 3052; baseline 0.004 -22"><span class='ocrx_word' id='word_1_169' title='bbox 303 2968 427 3046; x_wconf 70' lang='lat' dir='ltr'>fecisse,</span> <span class='ocrx_word' id='word_1_170' title='bbox 453 2991 528 3032; x_wconf 84' lang='lat' dir='ltr'>mox</span> <span class='ocrx_word' id='word_1_171' title='bbox 550 2971 581 3032; x_wconf 93' lang='lat' dir='ltr'>in</span> <span class='ocrx_word' id='word_1_172' title='bbox 600 2971 668 3033; x_wconf 88' lang='lat' dir='ltr'>dies</span> <span class='ocrx_word' id='word_1_173' title='bbox 684 2971 857 3033; x_wconf 90' lang='lat' dir='ltr'>tumultum</span> <span class='ocrx_word' id='word_1_174' title='bbox 874 2977 1003 3033; x_wconf 87' lang='lat' dir='ltr'>auctum</span> <span class='ocrx_word' id='word_1_175' title='bbox 1020 2992 1091 3033; x_wconf 90' lang='lat' dir='ltr'>esse</span> <span class='ocrx_word' id='word_1_176' title='bbox 1108 2951 1315 3034; x_wconf 82' lang='lat' dir='ltr'>manifestum</span> <span class='ocrx_word' id='word_1_177' title='bbox 1331 2966 1421 3052; x_wconf 89' lang='lat' dir='ltr'>est.¹)</span> 
     </span>
    </p>

    <p class='ocr_par' dir='ltr' id='par_1_4' title="bbox 302 3077 1422 4021">
     <span class='ocr_line' id='line_1_23' title="bbox 393 3077 1422 3162; baseline -0.001 -22"><span class='ocrx_word' id='word_1_178' title='bbox 393 3077 483 3140; x_wconf 90' lang='lat' dir='ltr'>Haec</span> <span class='ocrx_word' id='word_1_179' title='bbox 508 3099 590 3162; x_wconf 86' lang='lat' dir='ltr'>quae</span> <span class='ocrx_word' id='word_1_180' title='bbox 616 3079 683 3142; x_wconf 82' lang='lat' dir='ltr'>sola</span> <span class='ocrx_word' id='word_1_181' title='bbox 707 3078 970 3162; x_wconf 87' lang='lat' dir='ltr'>interpretatione</span> <span class='ocrx_word' id='word_1_182' title='bbox 997 3078 1204 3161; x_wconf 89' lang='lat' dir='ltr'>reliquiarum</span> <span class='ocrx_word' id='word_1_183' title='bbox 1229 3078 1365 3142; x_wconf 92' lang='lat' dir='ltr'>Diodori</span> <span class='ocrx_word' id='word_1_184' title='bbox 1390 3085 1422 3140; x_wconf 91' lang='lat' dir='ltr'>et</span> 
     </span>
     <span class='ocr_line' id='line_1_24' title="bbox 302 3183 1420 3269; baseline 0.003 -23"><span class='ocrx_word' id='word_1_185' title='bbox 302 3183 374 3246; x_wconf 86' lang='lat' dir='ltr'>Livi</span> <span class='ocrx_word' id='word_1_186' title='bbox 392 3185 539 3248; x_wconf 90' lang='lat' dir='ltr'>concludi</span> <span class='ocrx_word' id='word_1_187' title='bbox 555 3192 690 3269; x_wconf 86' lang='lat' dir='ltr'>possunt</span> <span class='ocrx_word' id='word_1_188' title='bbox 707 3187 856 3249; x_wconf 88' lang='lat' dir='ltr'>omuibus</span> <span class='ocrx_word' id='word_1_189' title='bbox 878 3186 1069 3249; x_wconf 84' lang='lat' dir='ltr'>coniecturis</span> <span class='ocrx_word' id='word_1_190' title='bbox 1088 3188 1232 3250; x_wconf 85' lang='lat' dir='ltr'>virorum</span> <span class='ocrx_word' id='word_1_191' title='bbox 1253 3187 1420 3250; x_wconf 86' lang='lat' dir='ltr'>doctorum</span> 
     </span>
     <span class='ocr_line' id='line_1_25' title="bbox 304 3292 1419 3378; baseline 0.002 -25"><span class='ocrx_word' id='word_1_192' title='bbox 304 3293 422 3356; x_wconf 89' lang='lat' dir='ltr'>tutiora</span> <span class='ocrx_word' id='word_1_193' title='bbox 445 3293 537 3354; x_wconf 88' lang='lat' dir='ltr'>nobis</span> <span class='ocrx_word' id='word_1_194' title='bbox 560 3292 725 3371; x_wconf 63' lang='lat' dir='ltr'>videntum</span> <span class='ocrx_word' id='word_1_195' title='bbox 754 3295 863 3377; x_wconf 92' lang='lat' dir='ltr'>itaque</span> <span class='ocrx_word' id='word_1_196' title='bbox 887 3315 997 3356; x_wconf 90' lang='lat' dir='ltr'>eorum</span> <span class='ocrx_word' id='word_1_197' title='bbox 1022 3294 1155 3357; x_wconf 85' lang='lat' dir='ltr'>oonsilio</span> <span class='ocrx_word' id='word_1_198' title='bbox 1178 3296 1212 3357; x_wconf 92' lang='lat' dir='ltr'>in</span> <span class='ocrx_word' id='word_1_199' title='bbox 1235 3301 1419 3378; x_wconf 90' lang='lat' dir='ltr'>praetorum</span> 
     </span>
     <span class='ocr_line' id='line_1_26' title="bbox 302 3399 1420 3484; baseline 0 -22"><span class='ocrx_word' id='word_1_200' title='bbox 302 3399 486 3463; x_wconf 89' lang='lat' dir='ltr'>nominibus</span> <span class='ocrx_word' id='word_1_201' title='bbox 510 3421 668 3464; x_wconf 90' lang='lat' dir='ltr'>annorum</span> <span class='ocrx_word' id='word_1_202' title='bbox 692 3403 848 3464; x_wconf 88' lang='lat' dir='ltr'>rationem</span> <span class='ocrx_word' id='word_1_203' title='bbox 867 3402 1093 3466; x_wconf 83' lang='lat' dir='ltr'>exstruendam</span> <span class='ocrx_word' id='word_1_204' title='bbox 1109 3422 1173 3464; x_wconf 92' lang='lat' dir='ltr'>non</span> <span class='ocrx_word' id='word_1_205' title='bbox 1190 3423 1260 3464; x_wconf 89' lang='lat' dir='ltr'>esse</span> <span class='ocrx_word' id='word_1_206' title='bbox 1277 3406 1420 3484; x_wconf 86' lang='lat' dir='ltr'>apparet,</span> 
     </span>
     <span class='ocr_line' id='line_1_27' title="bbox 304 3507 1420 3591; baseline 0.002 -23"><span class='ocrx_word' id='word_1_207' title='bbox 304 3529 376 3570; x_wconf 90' lang='lat' dir='ltr'>cum</span> <span class='ocrx_word' id='word_1_208' title='bbox 406 3509 548 3572; x_wconf 82' lang='lat' dir='ltr'>maxime</span> <span class='ocrx_word' id='word_1_209' title='bbox 570 3507 684 3570; x_wconf 88' lang='lat' dir='ltr'>Wilms</span> <span class='ocrx_word' id='word_1_210' title='bbox 716 3508 833 3571; x_wconf 89' lang='lat' dir='ltr'>iudicio</span> <span class='ocrx_word' id='word_1_211' title='bbox 867 3509 1144 3572; x_wconf 88' lang='lat' dir='ltr'>constantissimus</span> <span class='ocrx_word' id='word_1_212' title='bbox 1176 3509 1215 3570; x_wconf 91' lang='lat' dir='ltr'>iis</span> <span class='ocrx_word' id='word_1_213' title='bbox 1246 3528 1328 3591; x_wconf 91' lang='lat' dir='ltr'>quae</span> <span class='ocrx_word' id='word_1_214' title='bbox 1355 3529 1420 3570; x_wconf 91' lang='lat' dir='ltr'>uno</span> 
     </span>
     <span class='ocr_line' id='line_1_28' title="bbox 303 3615 1419 3699; baseline -0.001 -22"><span class='ocrx_word' id='word_1_215' title='bbox 303 3635 387 3678; x_wconf 73' lang='lat' dir='ltr'>aiano</span> <span class='ocrx_word' id='word_1_216' title='bbox 412 3622 503 3697; x_wconf 88' lang='lat' dir='ltr'>gesta</span> <span class='ocrx_word' id='word_1_217' title='bbox 526 3637 596 3678; x_wconf 89' lang='lat' dir='ltr'>esse</span> <span class='ocrx_word' id='word_1_218' title='bbox 619 3616 790 3679; x_wconf 87' lang='lat' dir='ltr'>traduntur</span> <span class='ocrx_word' id='word_1_219' title='bbox 810 3637 866 3678; x_wconf 85' lang='lat' dir='ltr'>sex</span> <span class='ocrx_word' id='word_1_220' title='bbox 881 3616 933 3677; x_wconf 84' lang='lat' dir='ltr'>vel</span> <span class='ocrx_word' id='word_1_221' title='bbox 950 3621 1072 3699; x_wconf 90' lang='lat' dir='ltr'>septem</span> <span class='ocrx_word' id='word_1_222' title='bbox 1089 3636 1190 3678; x_wconf 92' lang='lat' dir='ltr'>annos</span> <span class='ocrx_word' id='word_1_223' title='bbox 1207 3617 1252 3678; x_wconf 87' lang='lat' dir='ltr'>ita</span> <span class='ocrx_word' id='word_1_224' title='bbox 1267 3615 1419 3699; x_wconf 78' lang='lat' dir='ltr'>expleret,</span> 
     </span>
     <span class='ocr_line' id='line_1_29' title="bbox 304 3721 1421 3803; baseline 0 -20"><span class='ocrx_word' id='word_1_225' title='bbox 304 3729 340 3784; x_wconf 86' lang='lat' dir='ltr'>nt</span> <span class='ocrx_word' id='word_1_226' title='bbox 362 3721 498 3786; x_wconf 81' lang='lat' dir='ltr'>Diodori</span> <span class='ocrx_word' id='word_1_227' title='bbox 524 3724 740 3786; x_wconf 85' lang='lat' dir='ltr'>narrationem</span> <span class='ocrx_word' id='word_1_228' title='bbox 765 3722 804 3803; x_wconf 60' lang='grc' dir='ltr'>ἓξ</span> <span class='ocrx_word' id='word_1_229' title='bbox 824 3725 957 3788; x_wconf 87' lang='grc'><strong>10--18</strong></span> <span class='ocrx_word' id='word_1_230' title='bbox 981 3724 1106 3786; x_wconf 89' lang='lat' dir='ltr'>duobus</span> <span class='ocrx_word' id='word_1_231' title='bbox 1129 3722 1181 3786; x_wconf 90' lang='lat' dir='ltr'>vel</span> <span class='ocrx_word' id='word_1_232' title='bbox 1203 3724 1305 3786; x_wconf 91' lang='lat' dir='ltr'>tribus</span> <span class='ocrx_word' id='word_1_233' title='bbox 1329 3723 1421 3786; x_wconf 85' lang='lat' dir='ltr'>anuis</span> 
     </span>
     <span class='ocr_line' id='line_1_30' title="bbox 303 3829 1420 3914; baseline 0.001 -22"><span class='ocrx_word' id='word_1_234' title='bbox 303 3831 486 3914; x_wconf 89' lang='lat' dir='ltr'>dispertiret</span> <span class='ocrx_word' id='word_1_235' title='bbox 499 3836 530 3893; x_wconf 94' lang='lat' dir='ltr'>et</span> <span class='ocrx_word' id='word_1_236' title='bbox 542 3829 658 3893; x_wconf 90' lang='lat' dir='ltr'>deinde</span> <span class='ocrx_word' id='word_1_237' title='bbox 672 3851 688 3892; x_wconf 94' lang='lat' dir='ltr'>e</span> <span class='ocrx_word' id='word_1_238' title='bbox 702 3837 853 3914; x_wconf 88' lang='lat' dir='ltr'>quattuor</span> <span class='ocrx_word' id='word_1_239' title='bbox 864 3831 1018 3914; x_wconf 86' lang='lat' dir='ltr'>proximis</span> <span class='ocrx_word' id='word_1_240' title='bbox 1031 3830 1124 3893; x_wconf 89' lang='lat' dir='ltr'>annis</span> <span class='ocrx_word' id='word_1_241' title='bbox 1133 3829 1212 3892; x_wconf 89' lang='lat' dir='ltr'>nihil</span> <span class='ocrx_word' id='word_1_242' title='bbox 1220 3831 1420 3894; x_wconf 88' lang='lat' dir='ltr'>nisinomina</span> 
     </span>
     <span class='ocr_line' id='line_1_31' title="bbox 304 3938 1419 4021; baseline 0.001 -21"><span class='ocrx_word' id='word_1_243' title='bbox 304 3944 359 4000; x_wconf 89' lang='lat' dir='ltr'>aut</span> <span class='ocrx_word' id='word_1_244' title='bbox 373 3938 531 4001; x_wconf 87' lang='lat' dir='ltr'>victorum</span> <span class='ocrx_word' id='word_1_245' title='bbox 549 3945 604 4000; x_wconf 89' lang='lat' dir='ltr'>aut</span> <span class='ocrx_word' id='word_1_246' title='bbox 625 3939 817 4002; x_wconf 87' lang='lat' dir='ltr'>invictorum</span> <span class='ocrx_word' id='word_1_247' title='bbox 833 3945 1019 4021; x_wconf 86' lang='lat' dir='ltr'>praetorum</span> <span class='ocrx_word' id='word_1_248' title='bbox 1035 3944 1163 4001; x_wconf 86' lang='lat' dir='ltr'>servata</span> <span class='ocrx_word' id='word_1_249' title='bbox 1178 3960 1248 4002; x_wconf 88' lang='lat' dir='ltr'>esse</span> <span class='ocrx_word' id='word_1_250' title='bbox 1266 3939 1419 4002; x_wconf 86' lang='lat' dir='ltr'>crederet.</span> 
     </span>
    </p>
   </div>
   <div class='ocr_carea' id='block_1_3' title="bbox 256 4095 1420 4344">
    <p class='ocr_par' dir='ltr' id='par_1_5' title="bbox 256 4095 1420 4344">
     <span class='ocr_line' id='line_1_32' title="bbox 395 4095 1420 4167; baseline 0.002 -17"><span class='ocrx_word' id='word_1_251' title='bbox 395 4097 420 4161; x_wconf 92' lang='lat' dir='ltr'>l)</span> <span class='ocrx_word' id='word_1_252' title='bbox 440 4095 559 4150; x_wconf 84' lang='lat' dir='ltr'>Diodori</span> <span class='ocrx_word' id='word_1_253' title='bbox 584 4096 660 4150; x_wconf 84' lang='lat' dir='ltr'>libro</span> <span class='ocrx_word' id='word_1_254' title='bbox 679 4101 713 4150; x_wconf 86' lang='lat'>33</span> <span class='ocrx_word' id='word_1_255' title='bbox 736 4097 786 4165; x_wconf 82' lang='lat' dir='ltr'>qui</span> <span class='ocrx_word' id='word_1_256' title='bbox 812 4097 882 4152; x_wconf 90' lang='lat' dir='ltr'>huic</span> <span class='ocrx_word' id='word_1_257' title='bbox 908 4096 1058 4167; x_wconf 83' lang='lat' dir='ltr'>praecedit</span> <span class='ocrx_word' id='word_1_258' title='bbox 1076 4111 1122 4150; x_wconf 85' lang='lat' dir='ltr'>res</span> <span class='ocrx_word' id='word_1_259' title='bbox 1141 4112 1235 4166; x_wconf 84' lang='lat' dir='ltr'>usque</span> <span class='ocrx_word' id='word_1_260' title='bbox 1254 4097 1292 4152; x_wconf 91' lang='lat' dir='ltr'>ad</span> <span class='ocrx_word' id='word_1_261' title='bbox 1311 4112 1420 4152; x_wconf 89' lang='lat' dir='ltr'>aunum</span> 
     </span>
     <span class='ocr_line' id='line_1_33' title="bbox 256 4177 1420 4253; baseline 0 -13"><span class='ocrx_word' id='word_1_262' title='bbox 256 4177 259 4184; x_wconf 71' lang='lat'>&#39;</span> <span class='ocrx_word' id='word_1_263' title='bbox 304 4185 423 4240; x_wconf 90' lang='lat' dir='ltr'>minime</span> <span class='ocrx_word' id='word_1_264' title='bbox 445 4188 494 4240; x_wconf 79' lang='lat'>136</span> <span class='ocrx_word' id='word_1_265' title='bbox 517 4183 659 4240; x_wconf 85' lang='lat' dir='ltr'>deductas</span> <span class='ocrx_word' id='word_1_266' title='bbox 683 4201 759 4253; x_wconf 82' lang='lat' dir='ltr'>esse,</span> <span class='ocrx_word' id='word_1_267' title='bbox 787 4185 863 4242; x_wconf 89' lang='lat' dir='ltr'>libro</span> <span class='ocrx_word' id='word_1_268' title='bbox 892 4189 991 4242; x_wconf 87' lang='lat' dir='ltr'>autern</span> <span class='ocrx_word' id='word_1_269' title='bbox 1011 4188 1046 4240; x_wconf 82' lang='lat'>34</span> <span class='ocrx_word' id='word_1_270' title='bbox 1067 4185 1180 4241; x_wconf 90' lang='lat' dir='ltr'>nullam</span> <span class='ocrx_word' id='word_1_271' title='bbox 1205 4201 1267 4241; x_wconf 90' lang='lat' dir='ltr'>rem</span> <span class='ocrx_word' id='word_1_272' title='bbox 1292 4186 1420 4241; x_wconf 87' lang='lat' dir='ltr'>inveniri</span> 
     </span>
     <span class='ocr_line' id='line_1_34' title="bbox 304 4275 1168 4344; baseline -0.001 -15"><span class='ocrx_word' id='word_1_273' title='bbox 304 4289 380 4344; x_wconf 85' lang='lat' dir='ltr'>quac</span> <span class='ocrx_word' id='word_1_274' title='bbox 399 4277 466 4329; x_wconf 90' lang='lat' dir='ltr'>ante</span> <span class='ocrx_word' id='word_1_275' title='bbox 487 4289 594 4330; x_wconf 90' lang='lat' dir='ltr'>aunum</span> <span class='ocrx_word' id='word_1_276' title='bbox 618 4278 667 4329; x_wconf 83' lang='lat'>135</span> <span class='ocrx_word' id='word_1_277' title='bbox 680 4275 758 4330; x_wconf 83' lang='lat' dir='ltr'>facta</span> <span class='ocrx_word' id='word_1_278' title='bbox 778 4277 822 4330; x_wconf 89' lang='lat' dir='ltr'>est</span> <span class='ocrx_word' id='word_1_279' title='bbox 842 4291 1069 4331; x_wconf 86' lang='lat' dir='ltr'>commemorare</span> <span class='ocrx_word' id='word_1_280' title='bbox 1087 4275 1168 4332; x_wconf 85' lang='lat' dir='ltr'>libet.</span> 
     </span>
    </p>
   </div>
   <div class='ocr_carea' id='block_1_4' title="bbox 0 0 1688 5184">
    <p class='ocr_par' dir='ltr' id='par_1_6' title="bbox 0 0 1688 5184">
     <span class='ocr_line' id='line_1_35' title="bbox 0 0 1688 5184; baseline 0 0"><span class='ocrx_word' id='word_1_281' title='bbox 0 0 1688 5184; x_wconf 95' lang='lat' dir='ltr'> </span> 
     </span>
    </p>
   </div>
  </div>
 </body>
</html>
