3367 5184
757 655 962 719 ..62-

307 833 399 898 taleis
422 834 539 898 mirum
564 835 598 897 in
621 833 756 896 modum
781 833 891 897 turbat
913 838 945 896 et
967 833 1090 913 miscet,
1115 839 1151 896 ut
1174 853 1238 896 uno
1254 833 1432 917 eodemque

306 940 412 1026 capite
444 940 530 1004 levia
556 939 734 1005 memoriae
757 941 875 1024 prodat
898 945 931 1003 et
954 961 993 1004 ea
1016 960 1099 1025 quae
1122 941 1254 1004 maximi
1276 940 1432 1004 momenti

306 1055 398 1126 sunt,
433 1049 478 1114 sic
506 1050 568 1113 hoc
594 1049 684 1128 loca,
721 1055 894 1133 postquam
928 1056 1093 1113 auctorem
1125 1048 1165 1112 de
1187 1048 1323 1114 Lucullo
1345 1047 1431 1111 male

306 1154 474 1236 intellexit,
499 1177 598 1221 unam
621 1157 846 1241 gravissimam
871 1177 940 1219 rem
964 1156 1070 1234 tradit,
1094 1175 1191 1240 quam
1208 1156 1306 1220 ceteri
1322 1176 1431 1219 rerum

305 1264 479 1348 scriptores
509 1265 674 1328 omittunt:
712 1263 904 1348 Spartacum
930 1264 1019 1348 pacis
1043 1263 1248 1328 condiciones
1271 1285 1291 1327 a
1314 1261 1431 1327 Crasso

306 1369 505 1454 postulasse,
545 1371 601 1435 sed
626 1392 644 1434 a
668 1379 817 1456 praetore
841 1369 991 1434 Romano
1020 1370 1234 1454 gladiatorem
1259 1370 1432 1454 fugitivum

308 1484 529 1563 contemptum
552 1499 638 1558 esse3
663 1499 747 1563 quae
770 1479 936 1562 pactiones
960 1478 1045 1562 apud
1068 1477 1316 1561 Tacitumann.
1341 1476 1373 1556 3,
1389 1476 1430 1539 73

306 1585 550 1649 subaudiendus
569 1592 658 1649 srrnt:
685 1606 746 1665 „ne
760 1585 916 1668 Spartaco
929 1585 1060 1669 quidem
1072 1591 1145 1669 post
1155 1590 1204 1647 tot
1214 1583 1432 1648 consularium

307 1686 507 1756 exercituum
531 1693 639 1756 clades
655 1691 793 1756 inultam
809 1691 939 1754 Italiam
956 1691 1071 1770 urenti,
1096 1712 1292 1775 quamquam
1310 1690 1432 1755 Sertori

306 1806 404 1884 atque
440 1798 644 1864 Mithradatis
684 1798 870 1884 ingentibus
910 1798 1003 1862 bellis
1041 1797 1167 1862 labaret
1200 1819 1253 1861 rea
1287 1797 1430 1882 publica,

308 1908 436 1987 datum,
476 1915 512 1971 ut
541 1914 635 1992 pacto
661 1908 695 1971 in
723 1907 822 1970 fidem
847 1905 1079 1990 acciperetur“.
1127 1906 1258 1970 Sallusti
1282 1906 1432 1970 historias

306 2016 340 2079 in
365 2013 574 2078 exscribendo
599 2015 786 2100 Appianum
804 2014 920 2077 deinde
936 2033 1145 2097 perseverare
1161 2013 1434 2078 Maurenbreeher

306 2127 394 2186 recte
417 2122 573 2200 affirmat,
598 2123 654 2185 sed
679 2142 752 2185 cum
776 2127 979 2204 argumenta,
1003 2120 1120 2205 quibus
1144 2120 1185 2184 ad
1200 2120 1284 2184 hanc
1308 2121 1432 2206 opinio·

307 2249 382 2292 nem
407 2229 564 2294 adductus
587 2230 637 2310 sit,
663 2229 868 2293 doctissimus
891 2229 942 2292 vir
963 2228 1137 2309 reticuerit,
1161 2228 1225 2292 duo
1248 2249 1335 2292 nunc
1357 2248 1432 2312 pro·

268 2399 270 2404 .
308 2335 459 2400 ferimus:
485 2337 633 2401 conferas
653 2337 754 2422 igitur
769 2337 911 2421 Appiani
927 2333 1152 2412 κυκλωθέντας
1176 2356 1249 2400 cnm
1266 2334 1432 2399 Plutarchi

306 2444 469 2526 φυγόντων
503 2454 566 2508 τῶν
597 2447 666 2530 περὶ
701 2443 796 2508 αὐτὸν
829 2446 922 2517 αὐτὸς
956 2443 1054 2520 ἑστὼς
1087 2445 1141 2506 καὶ
1169 2442 1349 2520 κυκλωθεὶς
1372 2443 1432 2507 ὑπὸ

308 2551 435 2615 πολλῶν
458 2552 647 2636 ἀμυνόμενος
670 2552 852 2636 aureatam
876 2551 967 2615 adice
991 2551 1077 2634 quod
1100 2550 1310 2635 fugitivorum
1330 2569 1433 2633 qnan-

308 2661 377 2720 tum
407 2679 576 2723 numerum
611 2658 788 2723 occiderint
815 2659 946 2742 ignorat
969 2656 1078 2742 (φόνον
1107 2650 1172 2722 οὐδ’
1199 2657 1430 2743 εὐαρίθμητον),

308 2785 327 2827 e
350 2763 573 2830 Romanorum
590 2767 733 2830 exercitu
752 2767 840 2830 mille
865 2766 1054 2830 occubuisse
1077 2765 1164 2845 dicit,
1190 2785 1262 2829 cum
1284 2763 1433 2847 Lirins1)

309 2872 478 2955 sexaginta
493 2873 584 2936 milia
600 2894 767 2938 servorum
784 2879 900 2938 necata
915 2894 986 2938 esse
1001 2872 1130 2952 referat,
1152 2893 1208 2936 sex
1224 2872 1313 2935 milia
1329 2878 1432 2956 capta,

308 2976 531 3045 Romanorum
554 2981 618 3046 tria
641 2982 772 3046 miliae
797 2976 983 3067 captivitate
1006 2987 1145 3065 recepta.
1167 3015 1211 3024 —-
1235 2979 1354 3044 Fontes
1377 3000 1432 3042 ex-

309 3089 431 3151 tremae
447 3089 625 3172 particulae
642 3089 757 3172 capitis
776 3089 839 3153 120
855 3088 1035 3168 diiudicari,
1052 3088 1231 3171 opinamur,
1253 3092 1432 3171 nequeuntz

307 3192 498 3268 Livianus²i
529 3201 577 3260 est
604 3216 759 3260 numerus
783 3195 995 3280 fugitivorum
1019 3217 1099 3280 quos
1123 3195 1272 3260 crucibus
1296 3191 1432 3258 Crassus

308 3300 387 3383 fixit,
412 3303 470 3368 sed
493 3309 601 3367 utrum
625 3303 772 3367 conlecto
796 3303 882 3367 bello
905 3302 1045 3387 fugitivi,
1065 3303 1121 3388 qui
1136 3323 1155 3366 e
1170 3301 1319 3387 Spartaci
1341 3322 1432 3366 exer·

309 3411 374 3475 citu
402 3411 488 3494 capti
516 3417 721 3495 supererant,
758 3413 865 3474 necati
895 3411 959 3474 sint
990 3431 1031 3474 an
1064 3410 1150 3473 idem
1183 3410 1257 3474 talis
1279 3429 1432 3473 numerus

308 3539 476 3583 servorum
500 3539 517 3581 e
540 3519 678 3584 diversis
694 3525 727 3582 et
741 3533 800 3603 per
815 3526 941 3582 montes
957 3517 1120 3602 dissipatis
1136 3519 1285 3583 manibus
1302 3523 1433 3582 coactus

308 3627 359 3707 sit,
383 3626 470 3711 apud
493 3625 680 3711 Appianum
703 3627 736 3691 in
761 3626 859 3690 dubio
884 3632 942 3690 est.

398 3875 492 3940 Nunc
515 3876 664 3940 venimus
689 3875 730 3940 ad
754 3897 810 3939 eas
834 3875 1091 3940 narratiunculas
1116 3897 1195 3960 quas
1211 3873 1313 3939 Iulius
1329 3872 1433 3938 Fron-

308 3984 395 4048 tinus
419 4005 436 4048 s
461 3984 608 4069 Spartaci
631 3983 708 4047 belli
731 3984 828 4048 rebus
852 3983 951 4068 gestis
974 3983 1081 4068 elegit.
1128 3983 1266 4049 Duobus
1289 3980 1369 4046 locis
1392 3979 1433 4044 de
1493 4017 1497 4024 ·

309 4110 522 4120 —————-—

400 4181 426 4249 1)
446 4181 520 4251 Epit
534 4183 577 4250 97,
597 4180 715 4251 Eutrop.
729 4185 754 4250 6,
768 4185 793 4250 7,
813 4180 893 4236 Oros.
907 4182 932 4251 5,
946 4182 990 4249 24,
1003 4185 1029 4236 7.

399 4269 426 4337 2)
447 4269 526 4326 Oros.
540 4271 558 4326 l.
574 4287 598 4328 c.
