3367 5184
675 669 894 732 „31-

315 846 443 910 Dixerit
456 847 625 930 quispiam,
640 846 793 930 quidnam
806 847 846 910 de
863 847 977 910 ceteris
993 848 1195 931 praetoribus
1208 844 1345 910 Lentulo

227 953 346 1018 Manlio
370 953 495 1038 Popilio
518 954 723 1036 cogitandum
741 975 810 1016 esse
827 954 1036 1032 arbitremur,
1061 975 1198 1038 quorum
1215 955 1346 1017 nomina

228 1059 432 1124 difficultates
478 1061 542 1124 iam
581 1083 644 1124 non
685 1061 849 1145 praebent.
919 1060 1064 1124 Primum
1103 1062 1188 1124 enim
1227 1061 1345 1124 iniuria

227 1163 406 1253 Popilius¹)
431 1168 545 1230 ceteris
569 1189 632 1230 non
657 1167 783 1230 alinde
807 1188 905 1230 causa
928 1168 1115 1251 adiungitur
1138 1189 1235 1252 quam
1260 1168 1345 1252 quod
1375 1235 1379 1241 ,

226 1275 374 1360 inlepide
385 1275 523 1358 quodam
534 1274 613 1337 haec
624 1273 832 1336 incidiinssit:
853 1282 1003 1358 „praetor
1012 1276 1044 1337 in
1057 1275 1346 1360 Siciliafugiteivos

226 1381 411 1445 Italicorum
436 1383 673 1465 conquaeisivei
697 1381 884 1465 redideique
905 1382 1054 1446 homines
1070 1380 1344 1461 Dccccwi,

228 1490 314 1574 quod
346 1496 465 1575 quanto
494 1490 601 1574 plures
631 1489 789 1552 eiusmodi
812 1489 897 1553 tituli
921 1491 1055 1554 aliorum
1071 1497 1267 1575 ¹praetorum
1290 1512 1345 1553 ex-

228 1604 361 1677 starent,
386 1604 473 1660 tanto
497 1598 605 1682 plures
629 1618 730 1660 armos
754 1598 786 1660 in
810 1596 921 1660 Sicilia
938 1598 1056 1661 bollum
1074 1599 1174 1662 fnisse
1190 1599 1346 1683 suspicari

228 1725 359 1768 necesse
393 1712 496 1784 esset3
534 1705 622 1767 itane
652 1703 751 1767 vero?
798 1706 824 1766 si
852 1712 982 1788 praeter
1004 1706 1088 1768 hunc
1112 1706 1241 1769 titulum
1265 1706 1347 1769 alter

226 1833 313 1875 nunc
336 1813 560 1890 innotesceret,
586 1833 697 1880 omues
721 1812 776 1896 qui
793 1819 979 1897 praetorum
995 1815 1179 1877 nominibus
1195 1814 1256 1876 nisi
1272 1820 1348 1877 sunt

227 1927 263 1982 ut
291 1921 398 1982 statim
427 1919 626 1983 coniecturas
655 1920 874 1983 instaurarent
906 1927 1112 2004 cogerentor3
1152 1912 1235 2004 quae
1264 1922 1345 1984 ratio

226 2049 290 2111 quo
306 2048 365 2090 nos
382 2026 521 2111 abripiat
535 2027 630 2090 facile
653 2021 892 2110 intellegitur.²)
938 2026 1032 2107 Tum,
1057 2028 1143 2111 qnod
1166 2033 1346 2112 nongentos

228 2136 444 2220 septendecim
474 2135 625 2218 fugitivos
654 2135 789 2220 recepit,
824 2156 924 2198 unum
948 2134 1114 2219 ‘Popilium
1143 2136 1298 2199 invictum
1328 2157 1347 2198 a

226 2244 327 2306 servis
353 2241 481 2306 Siciliae
504 2241 683 2326 praefuisse
707 2242 923 2305 inconsultum
947 2248 996 2304 est
1020 2241 1161 2326 opinari3
1194 2243 1346 2306 minimus

228 2372 305 2414 sane
332 2371 497 2430 numerus,
533 2351 558 2413 si
585 2349 680 2413 modo
703 2348 825 2412 bellum
849 2349 961 2432 gessit,
997 2352 1201 2432 aequavero
1225 2349 1346 2413 bellum

228 2479 303 2521 eum
318 2459 456 2542 gessisse
481 2465 623 2542 apparet,
649 2456 734 2542 quod
758 2478 867 2519 servos
892 2478 971 2540 quos
996 2464 1136 2520 armatos
1160 2457 1191 2519 in
1216 2458 1346 2542 proeliis

228 2572 380 2649 ceperant
408 2564 547 2629 Romani
575 2587 637 2628 non
668 2563 802 2627 reddere
827 2565 968 2628 dominis
990 2564 1046 2627 sed
1070 2565 1219 2627 crucibus
1246 2564 1346 2648 figere

229 2679 284 2735 aut
309 2671 372 2735 alio
397 2673 628 2755 quovismodo
652 2693 768 2735 necare
793 2673 956 2751 solebaot3
987 2693 1085 2756 quam
1109 2673 1149 2736 ob
1173 2693 1241 2735 rem
1265 2693 1346 2736 non-

227 2781 322 2843 nullis
347 2780 439 2844 annis
463 2787 633 2864 postquam
657 2781 882 2864 gravissimum
907 2786 938 2842 et
962 2779 1225 2864 quodRomanos
1249 2779 1347 2842 vehe-

229 2889 425 2951 mentissime
454 2887 605 2950 terruisse
634 2889 752 2951 scimus
780 2888 896 2952 servile
927 2887 1045 2951 bellum
1068 2887 1179 2972 Rupili
1208 2887 1347 2950 consulis

227 2994 415 3057 fortitudine
447 2994 627 3057 confectum
659 3001 722 3073 est,
758 2996 785 3057 si
815 2995 875 3058 sibi
907 3015 1035 3078 quoque
1067 3001 1191 3078 partem
1224 2994 1346 3079 gloriae

228 3101 372 3186 Popilius
389 3102 550 3185 quondam
562 3108 692 3186 praetor
705 3102 881 3166 Siciliensis
895 3101 1083 3186 adsumpsit,
1098 3123 1163 3165 non
1176 3101 1346 3179 miramur3
1380 3100 1382 3103 ’

229 3208 265 3272 0.
283 3209 376 3273 Verri
401 3211 455 3294 qni
479 3209 563 3272 haud
588 3209 734 3272 dissimili
759 3210 949 3294 adrogantia
972 3211 1140 3294 sexaginta
1163 3209 1230 3272 fere
1254 3210 1347 3274 annis

227 3324 300 3403 post
336 3339 394 3381 sua
427 3319 545 3380 virtute
580 3319 779 3403 provinciam
814 3318 899 3381 bello
934 3317 1142 3401 fugitivorum
1177 3317 1345 3381 liberatam

228 3447 298 3489 esse
336 3426 547 3507 gloriabatur,
599 3427 686 3494 iusta
729 3424 951 3509 indignatione
991 3425 1114 3488 obstitit
1148 3424 1188 3487 M.
1221 3424 1347 3487 Tullius

229 3533 341 3597 Cicero
350 3532 389 3615 ³),
413 3533 539 3618 Popilio
563 3539 721 3598 nostrates
738 3535 893 3596 maiorem
912 3533 1025 3596 merito
1041 3532 1138 3611 fidem
1155 3533 1346 3614 tribuerunt,

228 3644 375 3725 quamvis
399 3642 590 3726 iampridem
613 3647 700 3705 recte
724 3641 901 3704 Mommsen
926 3642 1113 3704 monuisset.

320 3853 345 3918 1)
367 3853 524 3910 Mommsen
547 3855 574 3909 Ο.
588 3854 605 3908 l.
618 3855 646 3910 L.
661 3855 681 3918 l,
701 3870 729 3908 n.
744 3857 804 3908 551.
841 3853 927 3908 Klein
947 3853 965 3908 l.
980 3869 1003 3908 c.
1017 3868 1081 3924 pag.
1095 3855 1170 3908 4311,
1183 3857 1227 3908 44.

319 3944 347 4009 ⁴2)
367 3943 440 4000 Sunt
459 3945 510 4022 qni
529 3945 649 4000 Didium
668 3943 815 4014 quendam
834 3959 902 3998 cum
921 3944 1015 3999 servis
1033 3944 1063 3998 in
1084 3942 1184 3999 Sicilia
1201 3958 1348 4013 pugnasse

230 4035 343 4099 patena
366 4033 423 4088 vid.
446 4033 584 4088 Eclrhel.
606 4033 695 4089 doctr.
711 4047 818 4088 numm.
830 4033 856 4088 V
870 4036 948 4100 1828,
961 4034 1022 4100 aot,
1042 4032 1186 4088 Haackh
1204 4033 1234 4087 in
1254 4031 1346 4100 Pauly

229 4120 300 4174 llaal
314 4121 380 4177 Enc.
393 4122 425 4188 ll,
443 4125 518 4190 1842,
535 4124 611 4190 1009,
623 4123 666 4177 Ba
676 4122 793 4178 belon:
814 4122 990 4191 description
1005 4121 1169 4192 historicus
1183 4125 1212 4177 et
1225 4122 1347 4178 chrono-

229 4208 346 4278 logique
366 4211 418 4266 des
438 4212 597 4268 monnnies
618 4212 636 4267 l.
673 4211 760 4266 Paris
778 4213 853 4266 1885.
873 4227 900 4281 p.
920 4213 1024 4281 tatsq.

320 4301 347 4365 3)
367 4301 422 4355 Cic.
436 4303 466 4356 in
489 4302 605 4356 Verrem
625 4305 680 4357 act.
696 4301 728 4360 ΙΙ.
741 4301 792 4357 lib.
806 4304 822 4356 5
836 4301 851 4368 ξ
865 4304 881 4355 5
893 4316 948 4369 sq.;
967 4301 1043 4357 adde
1060 4302 1111 4358 lib.
1125 4304 1142 4354 4
1160 4303 1175 4370 ξ
1188 4305 1231 4359 54.
