3367 5184
706 664 927 725 ..11-

260 848 292 904 et
315 841 532 925 Salvius,‘qui
556 841 668 904 eodem
692 835 824 920 modo¹l
850 861 913 924 quo
936 839 1048 904 Eunus
1072 827 1239 930 servorum
1262 841 1379 904 animis

258 948 420 1012 miraculis
436 949 637 1032 'perturbatis
660 969 772 1035 regem
795 968 828 1011 se
852 947 930 1012 facit
952 950 1013 1035 4,4
1020 973 1030 1027 3
1069 949 1100 1027 5,
1121 952 1148 1010 l.
1166 948 1196 1011 3.
1221 950 1253 1028 4,
1277 947 1377 1032 Syrus

258 1057 357 1120 luisse
381 1056 516 1137 videtur,
541 1056 625 1134 quod
648 1055 733 1120 infra
755 1055 797 1120 ad
817 1055 906 1119 Flori
929 1076 1054 1120 errores
1078 1054 1285 1140 explicandos
1307 1055 1378 1138 plu·

257 1163 346 1228 ribus
370 1184 616 1248 prosequemur3
640 1185 725 1226 nuno
749 1184 823 1226 eum
840 1163 1022 1248 Tryphonis
1038 1183 1157 1226 nomen
1173 1163 1234 1226 sibi
1250 1161 1377 1226 dedisse

257 1271 334 1335 satis
367 1272 427 1334 erit
461 1291 729 1334 commemorasse
765 1271 951 1355 regaliaque
983 1270 1123 1354 insignia
1154 1291 1256 1355 aeque
1281 1275 1377 1354 atque

258 1379 453 1443 Antiochum
482 1379 656 1462 sumpsisse
688 1378 757 1457 36,
777 1381 808 1457 7,
844 1380 864 1441 4
898 1377 1046 1462 τήβεννάν
1079 1399 1114 1442 τε
1148 1375 1376 1462 περιπόρφυρον

257 1485 475 1572 περιεβάλλετο
507 1488 560 1549 καί
591 1485 793 1570 πλατάσημον
825 1487 878 1550 ἔδυ
910 1495 1027 1570 χιτῶνα
1056 1488 1139 1549 κατὰ
1161 1486 1233 1561 τοὺς
1255 1505 1376 1570 χρημα·

257 1592 391 1678 τιομοὺς,
416 1591 675 1679 καίραβδοίιχους
691 1591 755 1678 εἶχε
772 1596 849 1677 μετὰ
864 1590 1023 1658 πελέκεων
1038 1596 1109 1669 τοὺς
1126 1591 1374 1678 προηγουμένους

257 1701 310 1763 καί
341 1699 445 1764 τάλλα
468 1699 570 1765 πάντα
601 1700 659 1764 ὅσα
691 1700 812 1764 ποιοῦσί
843 1722 878 1764 τε
908 1703 963 1764 καί
993 1701 1195 1784 ἐπικοσμοῠσι
1219 1697 1376 1782 βασιλείαν

256 1806 437 1891 ἐπετήδευε;
471 1807 557 1870 idem
591 1805 722 1891 Oapuae
746 1807 873 1872 Vettius
906 1809 983 1872 facit
1010 1809 1086 1887 2,4
1114 1806 1180 1870 εἶτα
1212 1803 1376 1888 ἀναλαβὼν

257 1914 390 1999 διάδημα
413 1916 466 1977 καί
489 1912 683 1999 περιβόλαιον
710 1923 886 1999 πορφυροῦν
909 1917 962 1978 καί
985 1913 1175 1999 ῥαβδούχους
1198 1915 1251 1976 καί
1273 1911 1376 1975 τάλλα

257 2021 402 2104 σύσσημα
436 2031 489 2106 τῆς
525 2023 622 2106 ἀρχῆς
657 2031 689 2085 et
723 2020 835 2086 Eunus
871 2021 923 2100 34,
960 2023 990 2100 2,
1030 2023 1069 2084 16
1105 2019 1306 2104 περιθέμενος
1341 2015 1375 2078 δὲ

258 2124 391 2210 διάδημα
422 2130 475 2191 καί
512 2127 614 2192 πάντα
650 2128 752 2192 τᾶλλα
789 2131 829 2192 τὰ
867 2131 935 2214 περὶ
974 2129 1067 2192 αὑτὸν
1106 2127 1273 2211 βασιλικῶς
1311 2125 1376 2202 δια-

256 2233 426 2318 κοσμήσας.

346 2341 461 2406 Manus
489 2363 655 2407 seruorum
685 2344 799 2406 eodem
829 2364 893 2427 quo
922 2345 1054 2428 triginta
1081 2342 1150 2406 fere
1178 2340 1270 2405 aunis
1300 2348 1374 2404 ante

247 2450 379 2533 impetu
402 2455 503 2514 totam
525 2450 664 2514 insulam
688 2457 841 2530 vastasse,
866 2450 968 2514 multa
984 2450 1103 2535 oppida
1120 2450 1253 2533 cepisse,
1276 2448 1375 2532 pluri-

257 2577 327 2620 mos
351 2556 437 2620 cives
460 2556 625 2622 Romanos
648 2558 825 2622 trucidasse
842 2540 1027 2636 traduntur3
1051 2558 1097 2621 ibi
1112 2555 1242 2620 Eunum
1258 2556 1374 2640 Syrum

257 2672 288 2726 et
312 2661 465 2728 Oleonem
490 2664 634 2746 Cilicem,
670 2666 721 2729 hic
746 2665 890 2730 Salvium
913 2666 1070 2730 habemus
1101 2670 1133 2727 et
1155 2663 1374 2727 Athenionem

257 2769 401 2850 Cilicem,
451 2774 507 2856 qui
540 2773 683 2836 diversas
719 2779 826 2854 partes
861 2773 986 2837 insulae
1020 2773 1146 2856 magnis
1181 2770 1374 2834 exercitibus

257 2885 515 2962 occupaverunt,
560 2880 669 2965 itaque
701 2879 867 2944 Romanos
903 2881 957 2944 uhi
990 2880 1132 2964 primum
1162 2879 1243 2942 duos
1275 2877 1374 2940 duces

256 2985 400 3068 fugitivis
423 3007 572 3070 praeesse
596 2993 791 3071 acceperunt
812 2987 1029 3052 aemulatione
1052 3007 1163 3050 eorum
1180 2984 1264 3049 bello
1275 2985 1374 3048 finem

256 3093 442 3176 impositum
466 3095 506 3157 iri
529 3115 685 3178 sperasse,
721 3101 818 3178 atque
841 3095 939 3178 longe
963 3099 1090 3178 praeter
1114 3115 1203 3177 spem
1228 3094 1373 3156 evenisse

257 3199 310 3280 34,
341 3201 359 3262 2
392 3203 429 3263 17
459 3203 512 3265 καί
540 3201 664 3267 πάντων
691 3212 757 3278 ταῖς
789 3201 890 3267 ἐλπίσι
923 3200 1195 3286 μετεωρισθὲνιων
1223 3200 1265 3276 ὡς
1293 3198 1373 3263 ἀντι-

256 3306 425 3392 πολεμήοει
440 3311 480 3372 τὰ
498 3309 709 3374 στασιάσαντα
731 3311 808 3394 πρὸς
830 3306 986 3393 ἀλλήλους
1008 3311 1061 3373 καί
1084 3308 1171 3372 αὐτοὶ
1194 3307 1323 3382 ἑαυτοὺς
1345 3305 1374 3369 οί

256 3415 428 3479 ἀποστάται
441 3415 672 3501 διαφθείροντες
684 3412 932 3502 ἐλευθερώσωσι
943 3419 999 3499 τήν
1011 3415 1156 3480 Σικελίαν
1167 3424 1222 3498 τής
1234 3413 1374 3488 στάσεως

256 3526 341 3608 παρὰ
368 3521 460 3600 δόξαν
487 3523 634 3608 ἀλλήλοις
658 3523 829 3608 συνέβησαν
851 3549 894 3577 =
918 3525 971 3602 36,
997 3525 1027 3603 7,
1052 3529 1083 3600 2,
1106 3522 1218 3597 πάντες
1242 3523 1296 3605 μὲν
1320 3516 1373 3583 οὖν

256 3627 472 3715 ὑπελάμβανον
494 3634 548 3695 τὸν
571 3627 751 3716 Ἀθηνίωνα
773 3641 835 3697 τῶν
859 3631 1018 3717 πρωτείων
1040 3629 1297 3713 ἀντιποιήσεσθαι
1320 3630 1373 3690 καί

256 3737 306 3801 διὰ
331 3739 388 3822 τήν
419 3737 526 3802 στάσιν
553 3748 615 3803 τῶν
636 3737 834 3804 γἀποστατῶν
864 3738 986 3823 ῥαιδίως
1013 3735 1297 3821 καταλυθήσεσθαι
1320 3737 1373 3799 τὸν

350 3917 373 3983 l)
394 3916 532 3973 Conferas
557 3917 702 3986 imprimis
722 3921 747 3985 5,
765 3920 782 3971 3
804 3924 984 3985 προςεποιείτο
1003 3918 1110 3978 ἀετοὺς
1129 3916 1208 3978 θεοὺς
1228 3919 1308 3970 αὐτῶι
1327 3921 1371 3970 διὰ

256 4011 306 4056 τῶν
326 4008 427 4070 ἄστρων
444 4009 628 4072 προσημαίνειν
646 4009 682 4069 ὡς
700 4009 787 4059 ἔσοιτο
806 4013 853 4075 τῆς
871 4008 1001 4068 Σικελίας·
1017 4009 1151 4072 συμπάσης
1173 4008 1291 4070 βασιλεὺς
1310 4045 1317 4058 .
1338 4045 1345 4059 .
1365 4046 1372 4059 .

258 4110 323 4150 oum
342 4096 379 4150 iis
400 4109 475 4165 quae
494 4094 530 4150 de
544 4098 628 4151 Eune
641 4096 802 4165 accipimus
816 4101 859 4163 24,
873 4101 898 4163 2,
911 4100 928 4152 5
940 4103 1119 4162 προςιποιειιο
1132 4097 1202 4147 θεῶν
1214 4099 1371 4163 ἐπιτάγμασι

257 4184 322 4234 καθ’
339 4185 417 4235 ὕπνον
444 4187 582 4252 προλέγειν
609 4188 643 4236 τὰ
662 4187 793 4250 μέλλοντα
820 4189 850 4241 et
869 4185 918 4253 §7
947 4187 1025 4253 ἶλεγε
1052 4189 1099 4252 τήν
1125 4189 1219 4250 Συρίαν
1236 4187 1301 4237 θεὸν
1319 4187 1373 4238 ἐπι-

257 4276 412 4339 φαινομένην
432 4275 511 4325 αὐτῶι
530 4275 616 4341 λέγειν
635 4276 675 4326 ὅτι
693 4277 846 4339 βασιλεὺστι.
1123 4278 1126 4281 ’
