3367 5184
713 640 931 702 ..23-

269 817 379 880 ultimo
403 817 473 880 loco
498 818 673 900 posuimuS,
699 818 815 900 quiae
839 817 936 900 primi
958 819 1034 882 balli
1058 819 1181 882 servilis
1201 818 1385 882 narratione

266 925 333 987 aius
369 924 492 988 nullum
525 924 742 1008 fragmentum
777 930 895 1004 exstat,
934 925 973 988 ad
1008 925 1145 988 alterum
1177 926 1245 988 fere
1278 925 1383 988 solum

264 1038 389 1115 spectat
418 1031 533 1115 fragm.
551 1032 608 1110 93,
648 1032 733 1115 quod
763 1053 780 1095 e
808 1032 890 1096 libro
924 1033 1060 1117 septimo
1089 1039 1120 1096 et
1147 1033 1299 1096 vicesimo
1329 1054 1383 1098 ax-

265 1145 426 1223 carptores
450 1147 674 1218 servaverunt3
699 1161 739 1202 ne
756 1139 899 1204 Zonaras
923 1141 1053 1224 quidem
1077 1142 1109 1204 in
1132 1162 1264 1204 censum
1286 1141 1381 1202 venit.

266 1245 336 1317 Quo
367 1247 482 1330 exigua
511 1247 613 1310 frusto
642 1268 838 1331 quamquam
868 1270 948 1332 quos
976 1255 1123 1312 auctores
1147 1247 1211 1311 Dio
1235 1246 1384 1310 habuerit

265 1352 353 1417 nullo
367 1355 461 1418 modo
474 1354 622 1438 indagari
638 1376 732 1438 posse
748 1356 863 1435 elucet,
877 1390 918 1398 -
932 1356 994 1419 hoa
1010 1356 1121 1420 conari
1135 1356 1261 1420 insania
1278 1362 1325 1419 est
1339 1388 1382 1397 —

265 1469 372 1524 tamen
407 1467 529 1525 textum
563 1484 636 1526 aum
671 1463 807 1527 Diodori
842 1462 1054 1546 paragraphis
1079 1462 1173 1524 2-3
1197 1463 1270 1526 libri
1295 1462 1381 1541 36,3

264 1589 508 1652 componamus:
1395 1569 1398 1572 ⁴

362 1802 521 1873 ωπον,
548 1803 578 1881 a,
604 1803 700 1866 2—3.
997 1800 1162 1881 aaa,
1188 1801 1239 1864 aa.

321 1962 422 2012 1.τότε
446 1963 517 2010 κατά
542 1963 588 2025 τὴν
612 1961 734 2010 Σικελίαν
760 1962 795 2010 ὢν
906 1964 927 2013 1.
948 1959 1079 2021 Πούπλιος
1106 1961 1235 2020 Λικίννιος
1263 1960 1381 2022 Νερουας

263 2051 408 2115 στρατηγός
426 2051 541 2111 Λικίνιος
559 2050 675 2114 Νεροόας
851 2053 1003 2114 στρατηγῶν
1021 2051 1049 2098 ἐν
1067 2054 1109 2114 τῆι
1126 2051 1206 2114 νήσωι
1224 2052 1270 2099 καί
1289 2049 1382 2113 paam

849 2139 890 2187 ότι
899 2139 948 2188 οὐκ
957 2139 1064 2203 ἐνδίκηι
1073 2140 1130 2188 τινὰ
1138 2139 1263 2201 περίτοός
1272 2138 1381 2199 δοόλους

848 2230 963 2292 γίγνοιτο

902 2333 927 2388 2.
954 2335 972 2398 ἠ
1006 2337 1054 2383 καί
1083 2333 1226 2399 λημμάτων
1257 2336 1378 2400 ἀφορμάς

651 2493 653 2497 ι
848 2424 941 2488 ζητῶν,
959 2426 1005 2472 καί
1024 2425 1076 2487 γὰρ
1094 2419 1125 2488 ἦν
1145 2423 1194 2473 οὐκ
1213 2424 1322 2488 άδωρος,

316 2531 340 2584 3.
361 2529 519 2592 άκολοόδως
545 2534 591 2582 τῶι
616 2533 727 2597 δόγματι
753 2546 794 2580 συ-
900 2532 924 2584 3.
944 2530 1124 2595 περιήγγειλεν
1136 2530 1304 2595 ἀφικνεῖσθαι
1313 2532 1378 2595 πρός

261 2621 338 2684 χνοίις
346 2624 396 2670 τῶν
409 2619 510 2669 δσόλων
519 2620 687 2684 ἠλευθέρωσε
696 2622 794 2683 κρίσεις
848 2620 941 2668 ἑαυτόν
962 2620 1060 2680 πάντας
1082 2620 1142 2679 τοὺς
1165 2621 1331 2683 αἰτιωμένους
1356 2635 1380 2668 τι

261 2709 377 2772 προθείς,
396 2745 403 2758 .
423 2745 457 2758 ..
847 2709 908 2770 τοὺς
926 2709 1053 2768 δεσπότας
1079 2712 1157 2771 σφῶν,
1188 2710 1223 2769 ὡς
1249 2711 1295 2757 καί
1320 2709 1380 2772 βοη-

847 2797 937 2862 θήσων
957 2797 1052 2858 αὐτοῖς.

316 2908 340 2957 4.
359 2907 406 2954 καί
422 2901 488 2970 ἦσαν
506 2907 600 2967 πάντες
618 2909 642 2956 οί
659 2908 730 2956 κατὰ
746 2908 792 2972 τὴν
900 2908 925 2958 4.
945 2906 972 2965 ἐξ
991 2900 1035 2954 οὖν
1053 2905 1147 2954 τουτου
1165 2907 1211 2954 καί
1227 2906 1334 2954 ἐκείνων
1350 2920 1380 2954 τε

261 2997 339 3057 νῆσον
352 2994 518 3054 δουλεύοντες
531 2997 657 3059 μετέωροι
668 2998 732 3059 πρὸς
746 2997 792 3061 τὴν
846 2993 942 3044 πολλοὶ
952 2995 1130 3057 συνιστάμενοι

260 3081 420 3145 ἐλευθερίαν.

900 3174 925 3223 οί
943 3173 990 3236 μὲν
1001 3173 1159 3236 γἀδικεῖσθαί
1178 3189 1202 3223 τι
1221 3173 1323 3240 ἔλεγον,

900 3264 925 3310 oi
944 3262 973 3311 δὲ
990 3264 1036 3312 καί
1056 3261 1124 3312 ἄλλο
1138 3278 1161 3311 τι
1174 3268 1228 3323 τοῖς
1241 3264 1378 3322 δεσπόταις

846 3350 990 3401 ἐνεκάλουν
1327 3345 1331 3352 ’

899 3441 1047 3504 νομίζοντες
1065 3442 1158 3505 καιρόν
1177 3441 1312 3504 εἰληφέναι
1331 3444 1377 3489 τοῦ

845 3529 930 3579 πάντα
957 3529 1008 3579 όσα
1035 3530 1173 3592 ἐβοὺλυντο
1194 3531 1258 3593 πρός
1284 3529 1377 3591 αὐτοὺς

846 3619 973 3683 ἀναιμωτί
991 3619 1192 3683 διαπράξασθαι

312 3727 337 3778 5.
363 3727 388 3776 οί
417 3723 439 3776 δ’
468 3727 495 3774 ἐν
528 3727 653 3790 ἀξιώματι
685 3729 790 3792 συνδρα
898 3727 923 3779 ἵ).
942 3728 990 3776 καί
1017 3728 1042 3776 οἱ
1069 3727 1206 3790 ἐλεόθεροι
1231 3729 1376 3791 συμφρονή-

259 3815 349 3877 μόντες
376 3815 545 3878 παρεκάλουν
572 3817 617 3866 τόν
645 3818 790 3882 στρατηγόν
845 3830 935 3876 σαντες
955 3816 1110 3865 ἀνδίαταντό
1123 3831 1192 3879 σφισι
1204 3819 1251 3865 καί
1264 3816 1377 3880 οὐδαμῆι

260 3904 403 3968 ἀποστῆναι
422 3905 517 3969 ταὺτης
536 3909 581 3970 τῆς
600 3906 729 3971 ἐπιβολῆς.
843 3905 956 3968 ὑφίεντο.

897 3994 1022 4059 φοβηθείς
1050 3989 1094 4044 οὖν
1127 3997 1142 4044 ό
1167 3996 1297 4057 Λικίννιος
1329 3997 1376 4060 τἠν

844 4083 964 4134 σὺοτασιν
989 4084 1073 4135 αὐτῶν
1098 4086 1237 4149 ἑκατέρων,
1269 4087 1304 4150 μὴ
1328 4089 1375 4134 καί

844 4173 913 4238 μίγα
923 4189 949 4223 τι
960 4175 1043 4224 δεινόν
1052 4173 1101 4223 όπό
1111 4177 1162 4223 τῶν
1174 4173 1375 4225 ἐλαττωδόντων

844 4263 958 4327 γένηται,
