3367 5184
714 674 911 735 ..5-

250 850 443 936 oppidorum
459 851 567 915 nescio
575 871 713 934 quorum
720 851 938 935 servavitexc.
949 850 1022 914 Vnt.
1040 851 1098 914 101
1115 849 1155 930 §§
1168 832 1299 916 44446
1313 850 1370 927 D.;

251 958 291 1020 de
325 953 507 1022 calamitate
539 963 646 1022 tamen
681 958 898 1023 Siciliensium
929 965 961 1022 et
993 958 1033 1021 de
1063 979 1229 1023 servorum
1253 965 1370 1026 eventu

251 1065 369 1148 quibus
401 1064 531 1128 fortuna
558 1071 625 1128 tam
655 1072 787 1150 repente
810 1071 935 1129 mutata
958 1073 1043 1130 esset
1065 1064 1246 1130 Diodorum
1266 1060 1371 1129 'multa

252 1171 351 1234 verba
375 1172 490 1236 fecisse
513 1172 675 1252 videmus;
699 1194 716 1235 e
738 1193 802 1256 qua
818 1171 1052 1238 declamatione
1068 1174 1202 1258 exiguas
1217 1173 1371 1258 reliquias

254 1279 410 1342 babemus
434 1279 519 1363 apud
544 1300 611 1344 exe.
628 1279 701 1343 Vat.
730 1279 792 1344 102
815 1278 898 1359 547.
910 1279 951 1343 D.
977 1279 1061 1344 'lum
1077 1280 1239 1349 nonnullis
1256 1280 1372 1344 additis

254 1385 294 1448 ad
312 1385 598 1450 demonstrandum
615 1407 711 1470 quam
730 1387 866 1471 turpiter
877 1387 988 1471 plebes
1001 1387 1180 1451 Siciliensis
1189 1409 1223 1452 so
1236 1389 1372 1472 gesserit

254 1493 309 1570 (ib.
327 1493 389 1556 102
413 1494 433 1570 ξ
458 1495 500 1557 48
524 1493 650 1572 Dino.)
692 1499 895 1578 excerptores
938 1496 1038 1578 parci,
1078 1497 1133 1578 qui
1165 1516 1183 1558 e
1213 1494 1308 1558 Fulvi
1340 1502 1373 1558 et

253 1597 407 1683 Calpurni
438 1601 657 1666 consulatibus
690 1600 770 1663 nihil
803 1601 895 1665 nobis
929 1602 1144 1686 reliquerunt3
1183 1602 1300 1666 deinde
1332 1623 1370 1664 ex

254 1727 338 1770 anno
362 1707 474 1791 Rupili
497 1727 601 1791 pauca
625 1714 751 1771 exstant
774 1708 860 1791 apud
883 1706 1032 1772 Photium
1057 1707 1097 1789 ἕξ
1122 1709 1263 1779 20-23,

341 1813 408 1879 Res
440 1835 512 1877 cum
546 1814 591 1877 ita
621 1835 655 1878 se
688 1814 806 1879 habeat
838 1814 1029 1898 fragmenta,
1055 1816 1182 1881 tametsi
1207 1815 1318 1878 brevia
1340 1822 1372 1878 et

253 1923 369 2006 exigna
404 1927 487 1999 sunt,
527 1923 742 2005 cognoscendi
774 1922 961 1986 facultatem
1000 1924 1158 2007 praebent
1192 1922 1371 2010 Diodorum

253 2049 383 2113 prorsus
407 2028 509 2110 aliter,
534 2049 629 2112 quam
654 2030 688 2092 in
712 2030 827 2092 ceteris
850 2029 1065 2094 bibliothecae
1080 2031 1171 2094 libris
1190 2037 1371 2106 consuerat,

253 2137 313 2199 hoc
342 2135 460 2200 bellum
490 2157 649 2218 narrasse,
689 2157 761 2200 cum
790 2158 855 2200 non
884 2138 987 2201 solum
1012 2138 1052 2200 de
1076 2137 1182 2201 causis
1205 2157 1371 2200 servorum

254 2243 309 2306 sed
341 2243 437 2306 etiam
470 2243 510 2306 de
534 2244 739 2307 dominorum
762 2244 892 2308 luxuria
914 2245 1066 2328 superbia
1089 2244 1278 2308 crudelitate
1302 2243 1372 2308 aliis

252 2350 411 2421 eiusmodi
447 2351 543 2415 rebus
578 2351 816 2435 elegantissime
851 2352 1068 2435 praeferetur3
1104 2353 1277 2437 praecipue
1300 2373 1372 2437 pro-

253 2457 428 2538 hoemium‚
453 2479 579 2521 summa
601 2458 697 2521 laude
722 2458 856 2542 dignum
879 2465 912 2521 et
930 2480 994 2542 quo
1010 2479 1052 2522 nc
1069 2465 1226 2522 nostrates
1242 2458 1370 2542 quidem

253 2565 375 2628 exarchi
399 2566 468 2629 loco
493 2566 540 2628 nti
563 2565 793 2630 dubitaverunt
807 2565 897 2628 velut
908 2564 1037 2630 Wallon
1053 2587 1083 2650 p.
1102 2568 1178 2646 279,
1203 2564 1372 2628 aDiodori

234 2689 350 2754 'quam
380 2672 521 2756 alioquin
553 2674 776 2757 cognoscimus
800 2672 908 2736 indole
932 2673 1028 2757 louge
1051 2673 1212 2737 abhorret.
1259 2671 1373 2756 ltaque

254 2799 311 2841 suo
345 2779 415 2842 iure
449 2780 511 2842 viri
545 2771 631 2843 do'cti
663 2786 792 2843 nostrae
824 2780 940 2843 aetatis
968 2801 1031 2844 non
1056 2787 1121 2843 tam
1145 2781 1207 2864 ipsi
1229 2778 1372 2843 Diodoro

254 2905 351 2966 quam
375 2887 496 2949 auctori
522 2887 590 2950 eius
614 2887 742 2952 laudern
766 2888 956 2951 tribuerunt.
1002 2888 1065 2952 Sed
1090 2889 1129 2952 de
1153 2888 1215 2951 hoc
1239 2887 1374 2950 Diodori

254 2990 342 3053 fonte
366 2991 451 3055 infra
475 2995 574 3058 verba
596 2995 761 3058 faciemus.

341 3097 435 3161 Nunc
460 3100 594 3164 strictim
619 3108 768 3186 excerpta
792 3100 868 3166 libri
891 3103 973 3165 sexti
996 3109 1028 3165 et
1044 3103 1205 3179 tricesimi,
1234 3123 1317 3186 qnae
1332 3102 1373 3164 de
1468 3119 1469 3122 ’
1536 3152 1541 3165 r

254 3205 430 3288 posteriore
466 3207 604 3272 tumultu
627 3202 793 3272 'Siciliensi
827 3214 963 3288 exstant,
999 3208 1244 3293 perlustramus3
1290 3229 1373 3292 quae

255 3311 429 3376 maximam
454 3320 576 3398 partem
600 3314 736 3379 Photius
752 3316 787 3378 in
801 3317 989 3380 recensione
1006 3316 1125 3380 codicis
1142 3317 1206 3378 244
1223 3315 1373 3391 servavit,

254 3437 358 3502 pauca
390 3421 548 3485 accedunt
580 3443 619 3485 ex
651 3429 837 3507 excerptore
869 3425 938 3508 περὶ
968 3423 1141 3508 ἐπιβουλῶν
1172 3420 1217 3506 (p.
1244 3424 1296 3501 22,
1331 3421 1372 3486 23

254 3525 415 3606 Mueller),
453 3545 537 3607 quae
571 3529 658 3592 idem
693 3533 790 3614 atque
825 3529 960 3594 Photius
993 3531 1084 3594 initio
1114 3531 1255 3613 excerpti
1288 3529 1374 3614 quod

254 3632 349 3696 modo
379 3635 547 3698 citavimus
576 3636 738 3718 exhibent,
778 3643 814 3700 ut
831 3637 872 3700 ¹in
904 3658 1012 3701 rerum
1037 3648 1182 3702 tenorem
1205 3637 1301 3700 facile
1324 3637 1374 3700 in·

254 3747 418 3819 serentum
466 3743 552 3826 quod
587 3751 755 3828 excerptor
783 3743 960 3808 Vaticanus
995 3765 1213 3809 successorem
1247 3743 1374 3806 Luculli

257 3846 427 3912 Servilium
446 3850 576 3913 nomine
597 3851 691 3915 affort
707 3849 750 3935 (p.
767 3853 826 3914 111
848 3873 917 3935 cap.
932 3855 963 3932 9,
980 3854 1000 3914 2
1018 3850 1133 3940 Dind.)
1156 3852 1238 3915 bene
1257 3851 1373 3927 evenit,

255 3959 290 4016 nt
305 3975 445 4018 errorem
464 3958 625 4040 quendam
641 3955 730 4021 Flori
753 3959 927 4022 emendare
950 3940 1124 4042 possimus3⁵
1148 3965 1289 4026 ceterum
1314 3956 1374 4022 boc

255 4059 473 4144 fragmentum
487 4064 528 4127 ad
541 4085 613 4128 eam
626 4070 750 4148 partem
765 4065 985 4149 bellissspectat,
1007 4087 1105 4150 quam
1117 4065 1252 4130 Photius
1264 4064 1375 4150 paucis

254 4168 392 4252 attingit,
428 4191 532 4255 neque
555 4171 649 4234 aliter
672 4179 841 4256 excerptor
864 4173 905 4235 de
928 4173 999 4238 virt.
1024 4175 1087 4238 608
1114 4193 1183 4256 cap.
1201 4175 1236 4236 11
1265 4172 1373 4250 Diod„

253 4276 413 4356 quomodo
438 4279 520 4342 servi
546 4284 578 4341 et
594 4279 684 4362 plebs
702 4277 811 4342 Sicula
826 4279 965 4348 insulam
982 4281 1189 4358 vastaverint,
1215 4280 1391 4367 copiosius
