3367 5184
743 602 965 666 ..53-

290 780 455 862 iudicavit,
480 781 535 866 qui
550 779 708 845 Varronis
716 779 741 860 1)
759 785 790 844 et
806 779 948 865 Appiani
965 781 1220 865 congruentiam,
1241 801 1315 846 cum
1330 786 1424 846 uter·

291 908 354 973 que
380 887 593 974 ,Spartacum
616 887 818 951 interdixisse
842 887 955 952 castris
979 887 1056 970 suis,
1081 909 1122 952 ne
1138 889 1215 973 'quis
1231 910 1346 952 aurum
1362 894 1425 953 aut

291 1002 462 1080 argentum
494 995 648 1060 haberet“
679 994 855 1076 memoriae
882 995 1047 1079 proderet,
1089 995 1167 1060 inde
1193 995 1421 1081 explicandam

291 1123 362 1166 esse
386 1104 520 1176 censuit,
546 1102 631 1187 quod
655 1102 736 1167 haec
760 1101 949 1165 eSallustie
968 1102 1166 1182 hausissent3
1185 1109 1225 1168 at
1236 1102 1420 1167 Varronem

291 1208 369 1292 quin
394 1207 576 1288 Sallustius,
599 1208 686 1273 hunc
708 1206 879 1292 Appianas
902 1213 1031 1272 secutus
1055 1208 1105 1280 sit,
1131 1208 1273 1273 dubitari
1294 1198 1423 1295 nequit,

290 1317 482 1399 praesertim
505 1336 579 1380 cum
604 1313 793 1380 Sallustium
816 1314 967 1379 historias
979 1314 1128 1380 Varrone
1151 1322 1220 1380 tum
1244 1316 1313 1381 fere
1328 1323 1422 1381 octo-

291 1423 423 1506 genario
448 1423 613 1507 scripsisse
637 1427 770 1486 constet.

381 1529 524 1614 Appiani
548 1530 588 1593 de
611 1529 719 1594 hieme
743 1549 841 1613 quam
865 1527 1039 1613 Spartacus
1063 1529 1195 1594 Thuriis
1223 1530 1312 1616 degit
1333 1551 1424 1595 unus

290 1657 381 1701 error
411 1638 548 1702 alterum
572 1637 684 1717 traxit,
718 1637 764 1700 sie
788 1637 875 1700 enim
904 1635 1009 1721 capite
1035 1637 1098 1700 118
1122 1637 1274 1721 legimus:
1298 1637 1422 1722 τριέτης

289 1739 317 1807 τ’
339 1741 377 1828 ἦν
399 1744 460 1829 ἤδη
482 1747 536 1808 καὶ
559 1743 689 1830 φοβερὸς
707 1745 811 1821 αὐτοῖς
826 1744 844 1808 ὁ
860 1744 995 1828 πόλεμος
1002 1762 1009 1818 ;
1034 1744 1087 1807 bic
1103 1745 1257 1808 mendum
1273 1744 1422 1830 Appiani

289 1849 395 1914 iacere
419 1851 691 1916 Maureubrecher
713 1872 777 1915 uon
801 1851 899 1914 medo
923 1872 987 1914 non
1011 1851 1102 1932 vidit,
1131 1851 1188 1915 sed
1212 1852 1255 1916 ad
1278 1851 1417 1914 chrono-

289 1958 409 2042 logiam
435 1959 593 2023 edendam
617 1959 792 2043 praecipue
820 1959 882 2023 hoo
909 1958 982 2022 loco
1012 1958 1166 2022 utendum
1195 1979 1267 2024 esse
1290 1958 1422 2044 putavit

290 2066 411 2150 proleg.
437 2086 467 2149 p.
490 2066 549 2145 41;
589 2066 674 2150 quod
705 2071 906 2150 quantopere
937 2086 1010 2129 cum
1044 2067 1203 2130 sententia
1234 2070 1421 2130 ceterorum

289 2174 400 2237 rerum
434 2174 627 2258 scriptorum
661 2180 800 2259 pugnet,
841 2194 898 2236 suc
937 2159 1009 2236 loco
1043 2172 1240 2253 videbimus,
1286 2172 1419 2236 interim

289 2279 367 2344 satis
411 2280 532 2344 habeas
570 2281 758 2364 neutiquam
797 2281 917 2345 mirum
955 2279 1060 2343 videri
1097 2280 1301 2365 Appianum,
1340 2300 1418 2344 cum

288 2387 330 2450 de
351 2387 496 2451 hibernis
513 2387 661 2472 Spartaci
684 2388 754 2452 loco
780 2408 846 2451 non
870 2388 1081 2471 exposuisset,
1105 2387 1304 2471 temporibus
1328 2406 1421 2450 erra*
1514 2445 1517 2449 ,

288 2495 383 2559 visse.
407 2494 515 2558 Nihilo
531 2496 636 2580 magis
651 2515 738 2558 nune
755 2495 885 2559 comitia
901 2495 1062 2578 explicare
1079 2495 1112 2558 in
1125 2495 1234 2558 animo
1245 2493 1420 2573 habemus,

290 2602 407 2686 quibus
416 2600 553 2667 Crassus
563 2608 693 2687 praetor
703 2608 830 2666 creatus
843 2595 933 2681 esd),
949 2607 1006 2665 aut
1017 2622 1188 2665 numerum
1203 2597 1419 2686 legionum³)·,

289 2730 365 2772 nam
396 2708 582 2774 consulares
604 2709 751 2793 legiones
776 2730 857 2793 quas
879 2709 933 2772 ille
957 2709 1083 2793 accepit
1106 2729 1179 2772 oum
1204 2707 1415 2772 Mummianis

288 2817 457 2900 Appianus
478 2816 631 2880 confudit.
650 2853 693 2860 -
711 2814 863 2880 Ceterum
879 2822 916 2879 ut
931 2815 971 2879 de
989 2815 1145 2899 supplicio
1162 2815 1310 2889 referret,
1328 2813 1415 2898 quod

169 2909 171 2913 ⁷
289 2920 425 2986 Crassus
437 2923 469 2986 in
483 2922 675 2988 Mummium
688 2924 863 3007 copiasque
879 2923 949 2986 cius
965 2923 1163 3007 exprompsit
1171 2921 1209 3005 4),
1226 2944 1291 2987 non
1308 2921 1419 2986 selum

290 3028 421 3093 Sallusti
431 3051 550 3118 uverum
566 3031 661 3094 etiarn
679 3031 751 3095 Livi
766 3031 866 3095 libros
884 3031 1051 3115 Appianas
1066 3030 1221 3115 inspexit3
1247 3052 1265 3093 e
1282 3029 1425 3094 Sallusti-

288 3138 375 3200 enim
398 3139 558 3202 sententia
581 3160 646 3202 non
670 3145 753 3202 totas
776 3139 922 3223 legiones
945 3137 1080 3202 Mummi
1104 3139 1162 3202 sed
1189 3136 1419 3212 πεντακοσίους,

287 3247 358 3320 τοὺς
380 3241 522 3328 πρώτους
545 3249 598 3310 καί
620 3245 754 3330 μάλιστα
768 3245 936 3331 τρέσαντας
953 3243 1091 3310 Crassus
1110 3245 1293 3324 decimavit,
1316 3263 1416 3328 quem

288 3371 458 3416 numerum
498 3358 543 3416 ut
568 3353 692 3416 duabus
731 3353 914 3437 legionibus
948 3353 1056 3418 minus
1089 3358 1320 3435 congruentem
1352 3351 1419 3414 hoc:

379 3508 405 3576 l)
425 3508 499 3578 Ptin.
519 3526 547 3565 u.
560 3511 630 3566 hist.
643 3510 686 3578 33,
700 3512 747 3565 49:
769 3526 854 3577 „cum
873 3510 1001 3565 sciamus
1020 3510 1208 3566 interdixisse
1228 3509 1333 3565 castris
1351 3507 1418 3563 suis-

289 3598 463 3668 Spertacum
482 3615 518 3654 nc
538 3600 604 3669 quis
624 3615 727 3655 aurum
746 3599 870 3655 heberet
889 3602 940 3654 aut
963 3602 1130 3668 argentum
1168 3602 1250 3655 tanto
1269 3599 1337 3668 plus
1355 3597 1414 3652 fuit

288 3688 379 3744 animi
398 3689 535 3757 fugitivis
554 3689 688 3745 nostris“.
726 3688 817 3744 Index
845 3689 915 3744 libri
943 3689 1031 3758 primi
1058 3688 1115 3744 hec
1145 3689 1249 3746 ordine
1277 3691 1414 3763 auctores

288 3777 386 3833 affert:
407 3778 610 3834 Gracchanum
620 3779 645 3846 (ξ
656 3780 710 3846 36),
731 3777 866 3833 Pisonem
877 3778 904 3844 (ξ
918 3779 974 3845 38),
994 3777 1137 3846 Verrium,
1157 3779 1327 3847 Varronem,
1346 3778 1414 3832 Cor·

287 3868 391 3922 vinum
410 3868 437 3936 (ξ
456 3868 510 3934 50).
531 3898 564 3904 -
585 3867 625 3923 cf.
644 3882 709 3938 pag.
725 3871 766 3922 lt.

377 3959 405 4022 2)
425 3957 563 4013 conferas
583 3972 649 4026 pag.
665 3960 699 4011 85
711 3972 753 4026 sq.

376 4045 405 4112 3)
426 4046 517 4114 Leges
535 4061 601 4115 pag.
616 4050 650 4100 83
661 4062 702 4114 sq.
744 4083 746 4089 ι

376 4135 404 4201 4)
424 4134 528 4191 Paucis
548 4135 632 4192 anuis
652 4138 720 4191 ante
733 4136 762 4190 L.
778 4135 944 4191 Cornelium
957 4134 1068 4192 Sullam
1089 4137 1293 4193 crudelissime
1311 4137 1417 4192 hostes

286 4223 449 4279 decimasse
468 4223 628 4280 Pausanias
648 4225 881 4294 perieg.1‚20,6
902 4227 1004 4281 auctor
1023 4229 1076 4282 est.
