3367 5184
781 665 979 724 -6-

321 843 417 922 atque
445 835 571 922 plenius
600 845 710 902 narrat
738 859 835 922 quarn
865 840 921 922 qui
947 861 1012 904 non
1038 861 1143 925 pauca
1171 840 1278 904 omisit
1305 840 1441 905 Photius

321 959 390 1029 cap.
416 947 434 1008 6
461 944 501 1009 D.

410 1038 585 1136 Reliquum
623 1058 685 1133 eat,
730 1075 793 1136 quo
838 1054 1019 1117 accuratius
1053 1055 1087 1117 in
1132 1054 1237 1118 fontes
1278 1056 1440 1139 inquirere

321 1159 491 1242 possimus,
530 1165 566 1222 ut
592 1159 635 1222 (16
661 1157 724 1223 fide
752 1167 978 1244 excerptorum
1002 1169 1121 1225 certam
1147 1162 1332 1248 opinionem
1356 1184 1442 1226 com·

320 1266 576 1348 prehendamus3
601 1266 753 1351 plurimi
786 1265 872 1330 enim
905 1266 1014 1330 nostra
1041 1269 1124 1332 scire
1152 1269 1296 1348 interest,
1333 1275 1440 1333 utrum

321 1373 391 1458 ipsa
418 1371 554 1438 Diodori
582 1375 682 1438 verba
710 1374 803 1438 nobis
819 1373 951 1438 'tradita
974 1375 1043 1438 siut
1069 1396 1180 1440 necne.
1227 1375 1277 1439 Ac
1299 1377 1440 1460 primum

319 1478 450 1562 quidem
485 1479 638 1545 Photium
674 1482 729 1566 qui
763 1503 846 1544 unus
882 1484 1109 1546 narrationem.
1135 1484 1301 1548 continuat
1339 1484 1440 1546 multa

320 1587 512 1670 praeterisse
548 1594 689 1667 coustat3
733 1610 808 1653 nam
843 1588 958 1672 prioris
994 1589 1149 1653 tumultus
1184 1589 1360 1654 Siciliensis
1376 1588 1440 1653 vres

321 1695 424 1777 primo
453 1716 538 1759 anno
567 1701 674 1780 gestas
698 1696 817 1760 diserte
841 1701 963 1774 narrat,
987 1702 1072 1759 tacet
1095 1696 1135 1759 de
1158 1697 1299 1760 secundo
1320 1698 1382 1760 ie.
1400 1698 1441 1760 (16

321 1801 488 1876 consulatu
519 1801 628 1882 l⁴¹ulvi3
675 1823 716 1865 ne
747 1823 787 1865 ex
819 1801 1003 1886 insequenti
1035 1802 1166 1887 quidem
1196 1803 1325 1867 Pisonis
1355 1825 1439 1867 anno

321 1909 493 1992 quicquam
518 1910 627 1988 affert,
651 1909 790 1993 denique
814 1908 854 1972 de
879 1916 992 1992 quarto
1017 1909 1144 1993 Rupili,
1169 1910 1209 1974 de
1234 1911 1325 1974 novis
1348 1910 1439 1974 insti-

320 2015 496 2079 tutionibus
520 2022 552 2080 et
574 2015 700 2099 legibus
724 2037 804 2100 quae
820 2015 913 2079 Xuiri
934 2022 1082 2080 asenatu
1107 2009 1196 2080 missi
1213 2017 1342 2081 Siciliae
1364 2039 1440 2102 pro-

321 2122 445 2185 vinciae
458 2121 617 2186 dederunt
628 2123 708 2187 nihil
716 2123 783 2187 fere
798 2125 972 2187 memoriae
985 2124 1091 2188 tradit.
1106 2125 1261 2189 Similiter
1273 2127 1440 2190 historiam

312 2231 452 2294 alterius
475 2229 551 2293 belli
575 2252 649 2294 eum
674 2236 828 2294 tractasse
852 2232 1076 2315 cognoscimus
1092 2253 1189 2316 quam
1206 2233 1262 2296 ubi
1277 2254 1328 2296 res
1344 2233 1440 2316 primi

320 2337 397 2400 anni
420 2336 555 2420 perfecit
578 2338 716 2423 amplius
733 2358 866 2402 narrare
883 2338 992 2418 desiit3
1016 2360 1120 2423 pauca
1137 2339 1253 2404 deiude
1269 2340 1310 2402 dc
1327 2341 1438 2418 altere,

320 2443 360 2506 (16
383 2444 477 2507 161116
501 2465 542 2507 ne
558 2444 618 2508 hoc
634 2445 765 2529 quidem
782 2444 893 2525 refert,
916 2446 1014 2509 finem
1032 2445 1106 2509 belli
1124 2445 1227 2510 obiter
1242 2447 1438 2531 perstringit.

320 2548 475 2634 Reliquos
488 2558 691 2636 excerptores
710 2553 735 2615 si
752 2573 825 2616 cum
839 2552 955 2616 Photio
976 2552 1170 2616 conferimus
1189 2554 1277 2617 nullo
1294 2554 1364 2617 loco
1381 2575 1439 2617 sua

320 2679 378 2742 pro
392 2657 564 2723 Diodoreis
577 2660 721 2744 posuisse
734 2661 899 2737 videmus3
923 2661 1070 2744 quotiens
1083 2683 1134 2725 rea
1145 2666 1330 2741 extenuant,
1347 2674 1448 2744 cyno·

322 2787 417 2850 nyma
441 2772 473 2828 et
493 2766 557 2830 alia
578 2767 735 2830 eiusmodi
756 2769 908 2831 omittunt
924 2788 1049 2832 necnon
1065 2755 1131 2833 tdta
1148 2769 1218 2832 oola
1233 2773 1440 2851 praetereunt

321 2870 400 2952 (vid.
414 2872 469 2935 lib.
484 2873 537 2950 34,
562 2873 638 2954 2§§
654 2874 738 2938 l-3
752 2900 794 2928 =
808 2875 954 2953 27-313
971 2875 1026 2938 lib.
1044 2876 1097 2956 36,
1114 2877 1260 2955 6:113
1278 2873 1438 2951 2a=2l3

315 2979 437 3064 ¹quibus
460 3001 537 3043 vero
562 2979 639 3044 16616
663 2981 830 3045 brevitatis
855 2972 952 3044 causa
976 2981 1016 3044 de
1032 2982 1145 3066 quavis
1161 3003 1197 3045 re
1212 2983 1324 3067 paucis
1338 2987 1439 3045 rettu-

320 3085 423 3164 lerint,
451 3107 513 3152 non
538 3087 670 3152 difficile
695 3094 743 3152 661
766 3088 946 3166 intellectu3
975 3089 1114 3174 exempli
1138 3110 1236 3153 causa
1256 3090 1335 3153 haec
1351 3109 1438 3152 com-

324 3213 554 3258 memoramus:
593 3197 647 3277 34,
684 3199 715 3276 2,
758 3197 795 3258 18
831 3198 884 3259 καὶ
918 3192 1044 3272 πολλοῖς
1076 3204 1138 3273 τοῖς
1171 3199 1246 3283 πρὸς
1267 3189 1440 3280 Ῥωμαίους

320 3299 464 3384 πολέμοις
487 3301 779 3388 ἐνευδοκιμῆσαντες
803 3303 932 3367 ἔλαττον
955 3305 1042 3368 αὐτοὶ
1066 3305 1190 3368 tutarer
1213 3303 1315 3381 6136,
1342 3303 1393 3382 10,
1421 3306 1435 3364 l

319 3415 374 3471 τοῦ
409 3403 590 3472 δ’ἑνιαυσίου
624 3411 736 3495 χρόνου
772 3410 972 3492 διελθόπος;
1018 3409 1109 3474 adice
1151 3411 1224 3473 libri
1255 3409 1306 3474 36.
1337 3416 1438 3473 totum

320 3521 417 3599 caput
444 3517 475 3595 9,
510 3519 536 3578 1.
583 3516 845 3600 Nonnumquam,
885 3517 971 3599 quod
1001 3517 1175 3600 plurimum
1203 3517 1300 3596 valet,
1339 3516 1439 3601 ipsius

322 3621 458 3686 Diodori
481 3623 580 3686 verba
604 3644 661 3686 nos
685 3623 804 3686 habere
827 3624 899 3686 luce
923 3624 1040 3686 clarius
1064 3631 1126 3703 eat,
1150 3625 1196 3688 sio
1211 3622 1347 3687 Photius
1366 3643 1438 3686 cum

320 3727 448 3792 llunum
472 3729 596 3792 inducit
619 3731 723 3815 ipsum
748 3751 866 3793 nomen
891 3752 953 3794 non
978 3732 1068 3815 prius
1084 3731 1187 3812 affert,
1216 3752 1314 3816 quam
1338 3730 1439 3793 multa

320 3835 360 3898 de
385 3857 422 3900 eo
446 3838 646 3929 exposuerit:
672 3837 724 3918 34,
751 3835 824 3918 ‘2§§
838 3840 868 3917 5,
894 3839 923 3917 6,
943 3840 972 3917 7,
990 3840 1009 3902 8
1029 3849 1121 3903 τοῦτο
1144 3842 1204 3924 γὰρ
1226 3841 1362 3922 τοῦνομα
1382 3847 1438 3901 τῶ(

319 3943 465 4028 repertur,
482 3945 568 4027 quod
584 3945 778 4028 epitomator
793 3967 925 4029 prorsus
941 3967 1004 4009 non
1022 3945 1111 4025 facit,
1135 3947 1196 4009 nisi
1213 3947 1283 4030 ipsa
1299 3944 1439 4008 auctoris

320 4049 420 4114 verba
444 4051 556 4113 tradit:
581 4052 682 4116 refert
698 4053 801 4116 simile
817 4051 1040 4137 Nymphodori
1056 4074 1158 4137 genus
1174 4053 1299 4117 dicendi
1316 4072 1440 4116 memo-

321 4179 403 4236 rare,
429 4158 514 4241 quod
539 4158 623 4242 apud
650 4159 855 4222 Athenaeum
872 4158 918 4223 Vl
942 4160 1040 4224 need
1058 4167 1210 4224 servatur
1235 4208 1241 4221 .
1267 4209 1273 4221 .
1301 4209 1307 4220 .
1332 4157 1439 4242 adpr-

321 4286 428 4349 μακος,
451 4275 543 4330 τοῦτο
566 4269 626 4352 γὰρ
649 4265 687 4351 ἧν
711 4269 809 4349 ὄνομα
832 4277 887 4330 τῶ(
911 4267 1069 4351 &pantena
1093 4268 1176 4353 λέγει
1198 4290 1229 4332 κ.
1248 4289 1275 4331 τ.
1292 4267 1321 4330 λ.
