<?xml version="1.0" encoding="UTF-8"?>
<!DOCTYPE html PUBLIC "-//W3C//DTD XHTML 1.0 Transitional//EN"
    "http://www.w3.org/TR/xhtml1/DTD/xhtml1-transitional.dtd">
<html xmlns="http://www.w3.org/1999/xhtml" xml:lang="en" lang="en">
 <head>
  <title>
</title>
<meta http-equiv="Content-Type" content="text/html;charset=utf-8" />
  <meta name='ocr-system' content='tesseract 3.04.00' />
  <meta name='ocr-capabilities' content='ocr_page ocr_carea ocr_par ocr_line ocrx_word'/>
</head>
<body>
  <div class='ocr_page' id='page_1' title='image "./deromanorvmbell00rathgoog_0016.png"; bbox 0 0 3367 5184; ppageno 0'>
   <div class='ocr_carea' id='block_1_1' title="bbox 763 703 985 764">
    <p class='ocr_par' dir='ltr' id='par_1_1' title="bbox 763 703 985 764">
     <span class='ocr_line' id='line_1_1' title="bbox 763 703 985 764; baseline -0.005 -16"><span class='ocrx_word' id='word_1_1' title='bbox 763 703 985 764; x_wconf 76' lang='lat'>..10-</span> 
     </span>
    </p>
   </div>
   <div class='ocr_carea' id='block_1_2' title="bbox 315 879 1434 1073">
    <p class='ocr_par' dir='ltr' id='par_1_2' title="bbox 315 879 1434 1073">
     <span class='ocr_line' id='line_1_2' title="bbox 317 879 1434 966; baseline -0.002 -22"><span class='ocrx_word' id='word_1_2' title='bbox 317 902 387 946; x_wconf 89' lang='lat' dir='ltr'>esse</span> <span class='ocrx_word' id='word_1_3' title='bbox 417 886 564 966; x_wconf 84' lang='lat' dir='ltr'>apparet3</span> <span class='ocrx_word' id='word_1_4' title='bbox 612 903 629 943; x_wconf 90' lang='lat' dir='ltr'>e</span> <span class='ocrx_word' id='word_1_5' title='bbox 658 881 774 965; x_wconf 92' lang='lat' dir='ltr'>quibus</span> <span class='ocrx_word' id='word_1_6' title='bbox 802 901 877 944; x_wconf 91' lang='lat' dir='ltr'>oum</span> <span class='ocrx_word' id='word_1_7' title='bbox 899 880 1053 964; x_wconf 88' lang='lat' dir='ltr'>reliquias</span> <span class='ocrx_word' id='word_1_8' title='bbox 1077 901 1142 943; x_wconf 89' lang='lat' dir='ltr'>nou</span> <span class='ocrx_word' id='word_1_9' title='bbox 1166 880 1342 944; x_wconf 82' lang='lat' dir='ltr'>habeamus</span> <span class='ocrx_word' id='word_1_10' title='bbox 1366 879 1434 943; x_wconf 91' lang='lat' dir='ltr'>fere</span> 
     </span>
     <span class='ocr_line' id='line_1_3' title="bbox 315 986 1434 1073; baseline -0.002 -22"><span class='ocrx_word' id='word_1_11' title='bbox 315 988 382 1052; x_wconf 88' lang='lat' dir='ltr'>solo</span> <span class='ocrx_word' id='word_1_12' title='bbox 396 988 468 1052; x_wconf 90' lang='lat' dir='ltr'>stilo</span> <span class='ocrx_word' id='word_1_13' title='bbox 481 987 619 1052; x_wconf 87' lang='lat' dir='ltr'>Diodori</span> <span class='ocrx_word' id='word_1_14' title='bbox 631 988 836 1073; x_wconf 70' lang='lat' dir='ltr'>acquiescere</span> <span class='ocrx_word' id='word_1_15' title='bbox 849 988 1052 1067; x_wconf 82' lang='lat' dir='ltr'>deberemus,</span> <span class='ocrx_word' id='word_1_16' title='bbox 1064 987 1124 1050; x_wconf 89' lang='lat' dir='ltr'>uisi</span> <span class='ocrx_word' id='word_1_17' title='bbox 1139 1008 1203 1050; x_wconf 93' lang='lat' dir='ltr'>non</span> <span class='ocrx_word' id='word_1_18' title='bbox 1216 987 1306 1050; x_wconf 87' lang='lat' dir='ltr'>nulla</span> <span class='ocrx_word' id='word_1_19' title='bbox 1316 986 1434 1050; x_wconf 80' lang='lat' dir='ltr'>iudicia</span> 
     </span>
    </p>
   </div>
   <div class='ocr_carea' id='block_1_3' title="bbox 314 1092 1434 1248">
    <p class='ocr_par' dir='ltr' id='par_1_3' title="bbox 314 1092 1434 1248">
     <span class='ocr_line' id='line_1_4' title="bbox 314 1092 1434 1248; baseline -0.004 -88"><span class='ocrx_word' id='word_1_20' title='bbox 314 1095 516 1248; x_wconf 58' lang='lat' dir='ltr'>poepderent</span> <span class='ocrx_word' id='word_1_21' title='bbox 540 1096 657 1179; x_wconf 88' lang='lat' dir='ltr'>quibus</span> <span class='ocrx_word' id='word_1_22' title='bbox 680 1095 804 1159; x_wconf 90' lang='lat' dir='ltr'>fontem</span> <span class='ocrx_word' id='word_1_23' title='bbox 828 1116 902 1159; x_wconf 89' lang='lat' dir='ltr'>oum</span> <span class='ocrx_word' id='word_1_24' title='bbox 926 1095 1035 1178; x_wconf 91' lang='lat' dir='ltr'>aliqua</span> <span class='ocrx_word' id='word_1_25' title='bbox 1057 1093 1284 1178; x_wconf 82' lang='lat' dir='ltr'>probabilitate</span> <span class='ocrx_word' id='word_1_26' title='bbox 1300 1092 1434 1157; x_wconf 89' lang='lat' dir='ltr'>definire</span> 
     </span>
     <span class='ocr_line' id='line_1_5' title="bbox 326 1205 398 1248; baseline 0 0"><span class='ocrx_word' id='word_1_27' title='bbox 326 1205 375 1248; x_wconf 85' lang='lat' dir='ltr'>me</span> <span class='ocrx_word' id='word_1_28' title='bbox 391 1235 398 1248; x_wconf 99' lang='lat'>.</span> 
     </span>
    </p>
   </div>
   <div class='ocr_carea' id='block_1_4' title="bbox 285 1289 1434 2770">
    <p class='ocr_par' dir='ltr' id='par_1_4' title="bbox 285 1289 1434 2770">
     <span class='ocr_line' id='line_1_6' title="bbox 404 1289 1434 1374; baseline -0.001 -20"><span class='ocrx_word' id='word_1_29' title='bbox 404 1291 489 1354; x_wconf 80' lang='lat' dir='ltr'>Ante</span> <span class='ocrx_word' id='word_1_30' title='bbox 516 1311 684 1355; x_wconf 88' lang='lat' dir='ltr'>servorum</span> <span class='ocrx_word' id='word_1_31' title='bbox 712 1292 886 1356; x_wconf 89' lang='lat' dir='ltr'>tumultum</span> <span class='ocrx_word' id='word_1_32' title='bbox 915 1290 1115 1354; x_wconf 78' lang='lat' dir='ltr'>Siciliensem</span> <span class='ocrx_word' id='word_1_33' title='bbox 1144 1291 1177 1353; x_wconf 95' lang='lat' dir='ltr'>in</span> <span class='ocrx_word' id='word_1_34' title='bbox 1206 1289 1303 1354; x_wconf 88' lang='lat' dir='ltr'>Italia</span> <span class='ocrx_word' id='word_1_35' title='bbox 1325 1289 1434 1374; x_wconf 86' lang='lat' dir='ltr'>plures</span> 
     </span>
     <span class='ocr_line' id='line_1_7' title="bbox 314 1395 1433 1483; baseline -0.003 -21"><span class='ocrx_word' id='word_1_36' title='bbox 314 1397 506 1462; x_wconf 85' lang='lat' dir='ltr'>rebelliones</span> <span class='ocrx_word' id='word_1_37' title='bbox 535 1399 679 1482; x_wconf 88' lang='lat' dir='ltr'>erupisse</span> <span class='ocrx_word' id='word_1_38' title='bbox 708 1396 872 1462; x_wconf 92' lang='lat' dir='ltr'>Diodorus</span> <span class='ocrx_word' id='word_1_39' title='bbox 895 1398 948 1478; x_wconf 83' lang='grc'>36,</span> <span class='ocrx_word' id='word_1_40' title='bbox 974 1401 1005 1478; x_wconf 77' lang='lat'>2,</span> <span class='ocrx_word' id='word_1_41' title='bbox 1033 1402 1047 1461; x_wconf 92' lang='lat' dir='ltr'>l</span> <span class='ocrx_word' id='word_1_42' title='bbox 1074 1405 1185 1463; x_wconf 85' lang='lat' dir='ltr'>narrat</span> <span class='ocrx_word' id='word_1_43' title='bbox 1206 1395 1355 1483; x_wconf 72' lang='grc' dir='ltr'>καθάπερ</span> <span class='ocrx_word' id='word_1_44' title='bbox 1378 1406 1433 1462; x_wconf 86' lang='grc' dir='ltr'>τοῦ</span> 
     </span>
     <span class='ocr_line' id='line_1_8' title="bbox 285 1503 1434 1591; baseline -0.004 -21"><span class='ocrx_word' id='word_1_45' title='bbox 285 1506 471 1590; x_wconf 73' lang='grc' dir='ltr'>,δαιμονίου</span> <span class='ocrx_word' id='word_1_46' title='bbox 493 1506 753 1591; x_wconf 75' lang='grc' dir='ltr'>προσημαίνοντος</span> <span class='ocrx_word' id='word_1_47' title='bbox 776 1509 813 1571; x_wconf 89' lang='grc' dir='ltr'>τδ</span> <span class='ocrx_word' id='word_1_48' title='bbox 837 1507 973 1591; x_wconf 71' lang='grc' dir='ltr'>μέγεθος</span> <span class='ocrx_word' id='word_1_49' title='bbox 994 1516 1050 1590; x_wconf 83' lang='grc' dir='ltr'>τῆς</span> <span class='ocrx_word' id='word_1_50' title='bbox 1072 1504 1220 1590; x_wconf 77' lang='grc' dir='ltr'>ἐσομένης</span> <span class='ocrx_word' id='word_1_51' title='bbox 1242 1506 1325 1569; x_wconf 82' lang='grc' dir='ltr'>κατὰ</span> <span class='ocrx_word' id='word_1_52' title='bbox 1344 1503 1434 1568; x_wconf 84' lang='grc' dir='ltr'>Σιαε·</span> 
     </span>
     <span class='ocr_line' id='line_1_9' title="bbox 314 1610 1434 1696; baseline -0.004 -19"><span class='ocrx_word' id='word_1_53' title='bbox 314 1610 383 1678; x_wconf 81' lang='grc' dir='ltr'>λίαν</span> <span class='ocrx_word' id='word_1_54' title='bbox 406 1613 654 1690; x_wconf 81' lang='grc' dir='ltr'>ἐπαναστάσεως.</span> <span class='ocrx_word' id='word_1_55' title='bbox 679 1611 897 1678; x_wconf 87' lang='lat' dir='ltr'>Daemonium</span> <span class='ocrx_word' id='word_1_56' title='bbox 920 1619 952 1677; x_wconf 92' lang='lat' dir='ltr'>et</span> <span class='ocrx_word' id='word_1_57' title='bbox 974 1610 1209 1696; x_wconf 79' lang='grc' dir='ltr'>δεισιδαιμονίαν</span> <span class='ocrx_word' id='word_1_58' title='bbox 1231 1632 1327 1695; x_wconf 89' lang='lat' dir='ltr'>saepe</span> <span class='ocrx_word' id='word_1_59' title='bbox 1348 1610 1434 1694; x_wconf 88' lang='lat' dir='ltr'>apud</span> 
     </span>
     <span class='ocr_line' id='line_1_10' title="bbox 314 1716 1430 1803; baseline -0.004 -20"><span class='ocrx_word' id='word_1_60' title='bbox 314 1719 523 1784; x_wconf 89' lang='lat' dir='ltr'>Posidonium</span> <span class='ocrx_word' id='word_1_61' title='bbox 554 1716 781 1803; x_wconf 75' lang='lat' dir='ltr'>reperimus¹);</span> <span class='ocrx_word' id='word_1_62' title='bbox 824 1719 972 1783; x_wconf 83' lang='lat' dir='ltr'>conferas</span> <span class='ocrx_word' id='word_1_63' title='bbox 995 1719 1111 1803; x_wconf 81' lang='lat' dir='ltr'>fragm.</span> <span class='ocrx_word' id='word_1_64' title='bbox 1137 1721 1166 1782; x_wconf 75' lang='lat'>2.</span> <span class='ocrx_word' id='word_1_65' title='bbox 1200 1716 1285 1802; x_wconf 91' lang='lat' dir='ltr'>apud</span> <span class='ocrx_word' id='word_1_66' title='bbox 1313 1717 1430 1780; x_wconf 81' lang='lat' dir='ltr'>Athen.</span> 
     </span>
     <span class='ocr_line' id='line_1_11' title="bbox 314 1823 1433 1910; baseline -0.004 -20"><span class='ocrx_word' id='word_1_67' title='bbox 314 1825 372 1908; x_wconf 86' lang='lat' dir='ltr'>VI,</span> <span class='ocrx_word' id='word_1_68' title='bbox 397 1827 487 1891; x_wconf 69' lang='lat' dir='ltr'>tila</span> <span class='ocrx_word' id='word_1_69' title='bbox 522 1833 553 1890; x_wconf 90' lang='lat' dir='ltr'>et</span> <span class='ocrx_word' id='word_1_70' title='bbox 576 1827 693 1910; x_wconf 82' lang='lat' dir='ltr'>fragm.</span> <span class='ocrx_word' id='word_1_71' title='bbox 718 1826 771 1891; x_wconf 86' lang='grc'>39.</span> <span class='ocrx_word' id='word_1_72' title='bbox 795 1827 838 1890; x_wconf 92' lang='lat' dir='ltr'>ib.</span> <span class='ocrx_word' id='word_1_73' title='bbox 862 1826 919 1906; x_wconf 81' lang='lat' dir='ltr'>VI,</span> <span class='ocrx_word' id='word_1_74' title='bbox 945 1825 1037 1890; x_wconf 69' lang='lat' dir='ltr'>adef</span> <span class='ocrx_word' id='word_1_75' title='bbox 1057 1828 1154 1902; x_wconf 81' lang='grc' dir='ltr'>οὕτως</span> <span class='ocrx_word' id='word_1_76' title='bbox 1176 1827 1279 1900; x_wconf 79' lang='grc' dir='ltr'>αι’ντσῖς</span> <span class='ocrx_word' id='word_1_77' title='bbox 1302 1823 1433 1908; x_wconf 71' lang='grc' dir='ltr'>ἀληθῶς</span> 
     </span>
     <span class='ocr_line' id='line_1_12' title="bbox 313 1930 1431 2019; baseline -0.004 -21"><span class='ocrx_word' id='word_1_78' title='bbox 313 1935 349 1998; x_wconf 86' lang='grc' dir='ltr'>τὸ</span> <span class='ocrx_word' id='word_1_79' title='bbox 373 1933 528 2018; x_wconf 80' lang='grc' dir='ltr'>δαιμόνιον</span> <span class='ocrx_word' id='word_1_80' title='bbox 550 1933 673 2017; x_wconf 85' lang='grc' dir='ltr'>ἐμήνισε</span> <span class='ocrx_word' id='word_1_81' title='bbox 696 1932 829 2019; x_wconf 82' lang='grc' dir='ltr'>πρώτοις</span> <span class='ocrx_word' id='word_1_82' title='bbox 851 1933 1055 2019; x_wconf 77' lang='grc' dir='ltr'>χρησαμένοις</span> <span class='ocrx_word' id='word_1_83' title='bbox 1071 1931 1199 2016; x_wconf 83' lang='grc' dir='ltr'>ὠνητοῖς</span> <span class='ocrx_word' id='word_1_84' title='bbox 1215 1930 1416 2016; x_wconf 78' lang='grc' dir='ltr'>ἀνδραπόδοις</span> <span class='ocrx_word' id='word_1_85' title='bbox 1423 1956 1431 2008; x_wconf 92' lang='lat'>;</span> 
     </span>
     <span class='ocr_line' id='line_1_13' title="bbox 314 2038 1432 2125; baseline -0.004 -21"><span class='ocrx_word' id='word_1_86' title='bbox 314 2039 397 2104; x_wconf 87' lang='lat' dir='ltr'>adde</span> <span class='ocrx_word' id='word_1_87' title='bbox 419 2039 516 2104; x_wconf 90' lang='lat' dir='ltr'>Diod.</span> <span class='ocrx_word' id='word_1_88' title='bbox 543 2040 605 2104; x_wconf 87' lang='lat' dir='ltr'>Sie.</span> <span class='ocrx_word' id='word_1_89' title='bbox 632 2040 684 2120; x_wconf 85' lang='lat'>34,</span> <span class='ocrx_word' id='word_1_90' title='bbox 714 2042 745 2120; x_wconf 77' lang='lat'>2,</span> <span class='ocrx_word' id='word_1_91' title='bbox 775 2040 861 2112; x_wconf 70' lang='lat' dir='ltr'>arb,</span> <span class='ocrx_word' id='word_1_92' title='bbox 898 2041 952 2105; x_wconf 94' lang='lat' dir='ltr'>ubi</span> <span class='ocrx_word' id='word_1_93' title='bbox 985 2040 1081 2104; x_wconf 90' lang='lat' dir='ltr'>etiam</span> <span class='ocrx_word' id='word_1_94' title='bbox 1113 2038 1297 2125; x_wconf 76' lang='grc' dir='ltr'>πεπρωμένη</span> <span class='ocrx_word' id='word_1_95' title='bbox 1333 2057 1432 2121; x_wconf 88' lang='lat' dir='ltr'>quam</span> 
     </span>
     <span class='ocr_line' id='line_1_14' title="bbox 314 2145 1433 2233; baseline -0.003 -23"><span class='ocrx_word' id='word_1_96' title='bbox 314 2167 412 2230; x_wconf 87' lang='lat' dir='ltr'>supra</span> <span class='ocrx_word' id='word_1_97' title='bbox 423 2147 689 2226; x_wconf 88' lang='lat' dir='ltr'>memoravimus;</span> <span class='ocrx_word' id='word_1_98' title='bbox 699 2146 742 2210; x_wconf 93' lang='lat' dir='ltr'>ib.</span> <span class='ocrx_word' id='word_1_99' title='bbox 755 2147 796 2210; x_wconf 75' lang='lat'>47</span> <span class='ocrx_word' id='word_1_100' title='bbox 809 2147 967 2233; x_wconf 78' lang='grc' dir='ltr'>σύμφορόν</span> <span class='ocrx_word' id='word_1_101' title='bbox 983 2149 1050 2212; x_wconf 82' lang='grc' dir='ltr'>ἐστι</span> <span class='ocrx_word' id='word_1_102' title='bbox 1061 2156 1117 2212; x_wconf 85' lang='grc' dir='ltr'>τῶι</span> <span class='ocrx_word' id='word_1_103' title='bbox 1127 2155 1234 2211; x_wconf 83' lang='grc' dir='ltr'>κοινῶι</span> <span class='ocrx_word' id='word_1_104' title='bbox 1246 2145 1313 2230; x_wconf 83' lang='grc' dir='ltr'>βίωι</span> <span class='ocrx_word' id='word_1_105' title='bbox 1324 2148 1381 2228; x_wconf 78' lang='grc' dir='ltr'>τὴν</span> <span class='ocrx_word' id='word_1_106' title='bbox 1396 2145 1433 2207; x_wconf 82' lang='grc' dir='ltr'>ἐν.</span> 
     </span>
     <span class='ocr_line' id='line_1_15' title="bbox 314 2249 1361 2338; baseline -0.002 -21"><span class='ocrx_word' id='word_1_107' title='bbox 314 2253 400 2319; x_wconf 73' lang='grc' dir='ltr'>θεῶν</span> <span class='ocrx_word' id='word_1_108' title='bbox 424 2250 658 2338; x_wconf 85' lang='grc' dir='ltr'>δεισιδαιμονίαν</span> <span class='ocrx_word' id='word_1_109' title='bbox 680 2253 875 2338; x_wconf 78' lang='grc' dir='ltr'>ἐντετηκέναι</span> <span class='ocrx_word' id='word_1_110' title='bbox 895 2261 962 2331; x_wconf 85' lang='grc' dir='ltr'>ταῖς</span> <span class='ocrx_word' id='word_1_111' title='bbox 981 2265 1043 2319; x_wconf 85' lang='grc' dir='ltr'>τῶν</span> <span class='ocrx_word' id='word_1_112' title='bbox 1063 2253 1189 2319; x_wconf 79' lang='grc' dir='ltr'>πολλῶν</span> <span class='ocrx_word' id='word_1_113' title='bbox 1209 2249 1361 2336; x_wconf 62' lang='grc' dir='ltr'>ψυχαῐςῖὶ)</span> 
     </span>
     <span class='ocr_line' id='line_1_16' title="bbox 402 2359 1434 2445; baseline -0.004 -21"><span class='ocrx_word' id='word_1_114' title='bbox 402 2360 495 2444; x_wconf 85' lang='lat' dir='ltr'>Ipsae</span> <span class='ocrx_word' id='word_1_115' title='bbox 518 2361 677 2425; x_wconf 89' lang='lat' dir='ltr'>tumultus</span> <span class='ocrx_word' id='word_1_116' title='bbox 706 2382 757 2424; x_wconf 91' lang='lat' dir='ltr'>res</span> <span class='ocrx_word' id='word_1_117' title='bbox 785 2367 893 2445; x_wconf 84' lang='lat' dir='ltr'>gestas</span> <span class='ocrx_word' id='word_1_118' title='bbox 925 2363 971 2425; x_wconf 91' lang='lat' dir='ltr'>ita</span> <span class='ocrx_word' id='word_1_119' title='bbox 1000 2362 1173 2426; x_wconf 87' lang='lat' dir='ltr'>adornatas</span> <span class='ocrx_word' id='word_1_120' title='bbox 1206 2359 1362 2437; x_wconf 86' lang='lat' dir='ltr'>videmus,</span> <span class='ocrx_word' id='word_1_121' title='bbox 1399 2365 1434 2420; x_wconf 90' lang='lat' dir='ltr'>ut</span> 
     </span>
     <span class='ocr_line' id='line_1_17' title="bbox 314 2465 1433 2552; baseline -0.003 -22"><span class='ocrx_word' id='word_1_122' title='bbox 314 2467 401 2530; x_wconf 88' lang='lat' dir='ltr'>omui</span> <span class='ocrx_word' id='word_1_123' title='bbox 424 2467 543 2552; x_wconf 85' lang='lat' dir='ltr'>pagina</span> <span class='ocrx_word' id='word_1_124' title='bbox 566 2473 602 2530; x_wconf 93' lang='lat' dir='ltr'>ut</span> <span class='ocrx_word' id='word_1_125' title='bbox 617 2467 662 2531; x_wconf 86' lang='lat' dir='ltr'>ita</span> <span class='ocrx_word' id='word_1_126' title='bbox 678 2467 783 2532; x_wconf 84' lang='lat' dir='ltr'>dicam</span> <span class='ocrx_word' id='word_1_127' title='bbox 799 2469 916 2552; x_wconf 90' lang='lat' dir='ltr'>prioris</span> <span class='ocrx_word' id='word_1_128' title='bbox 932 2469 1178 2533; x_wconf 86' lang='lat' dir='ltr'>admoneamur:</span> <span class='ocrx_word' id='word_1_129' title='bbox 1202 2468 1319 2530; x_wconf 88' lang='lat' dir='ltr'>iterum</span> <span class='ocrx_word' id='word_1_130' title='bbox 1336 2465 1433 2550; x_wconf 78' lang='lat' dir='ltr'>Syros</span> 
     </span>
     <span class='ocr_line' id='line_1_18' title="bbox 314 2560 1433 2660; baseline 0 -23"><span class='ocrx_word' id='word_1_131' title='bbox 314 2579 346 2638; x_wconf 90' lang='lat' dir='ltr'>et</span> <span class='ocrx_word' id='word_1_132' title='bbox 369 2560 496 2638; x_wconf 53' lang='lat' dir='ltr'>Oilioes&#39;</span> <span class='ocrx_word' id='word_1_133' title='bbox 513 2575 614 2638; x_wconf 89' lang='lat' dir='ltr'>servis</span> <span class='ocrx_word' id='word_1_134' title='bbox 652 2575 832 2659; x_wconf 82' lang='lat' dir='ltr'>praefuisse</span> <span class='ocrx_word' id='word_1_135' title='bbox 859 2577 996 2660; x_wconf 86' lang='lat' dir='ltr'>legimus</span> <span class='ocrx_word' id='word_1_136' title='bbox 1021 2578 1086 2656; x_wconf 79' lang='lat'>5‚1</span> <span class='ocrx_word' id='word_1_137' title='bbox 1112 2576 1227 2660; x_wconf 84' lang='grc' dir='ltr'>γίνεται</span> <span class='ocrx_word' id='word_1_138' title='bbox 1255 2575 1289 2639; x_wconf 83' lang='grc' dir='ltr'>δὲ</span> <span class='ocrx_word' id='word_1_139' title='bbox 1315 2574 1433 2638; x_wconf 78' lang='grc' dir='ltr'>τοίντων</span> 
     </span>
     <span class='ocr_line' id='line_1_19' title="bbox 313 2677 1432 2770; baseline -0.004 -24"><span class='ocrx_word' id='word_1_140' title='bbox 313 2683 449 2768; x_wconf 82' lang='grc' dir='ltr'>ἀρχηγὸς</span> <span class='ocrx_word' id='word_1_141' title='bbox 473 2678 631 2766; x_wconf 78' lang='grc' dir='ltr'>Ἀθηνίων</span> <span class='ocrx_word' id='word_1_142' title='bbox 652 2685 749 2767; x_wconf 78' lang='grc' dir='ltr'>ὄνομα</span> <span class='ocrx_word' id='word_1_143' title='bbox 765 2685 842 2768; x_wconf 70' lang='grc' dir='ltr'>ἀνὴρ</span> <span class='ocrx_word' id='word_1_144' title='bbox 858 2684 992 2770; x_wconf 81' lang='grc' dir='ltr'>ἀνδρείαι</span> <span class='ocrx_word' id='word_1_145' title='bbox 1008 2683 1161 2768; x_wconf 86' lang='grc' dir='ltr'>διαφέρων</span> <span class='ocrx_word' id='word_1_146' title='bbox 1176 2680 1267 2760; x_wconf 85' lang='grc' dir='ltr'>Κίλιξ</span> <span class='ocrx_word' id='word_1_147' title='bbox 1281 2684 1317 2745; x_wconf 89' lang='grc' dir='ltr'>τδ</span> <span class='ocrx_word' id='word_1_148' title='bbox 1333 2677 1432 2763; x_wconf 85' lang='grc' dir='ltr'>γένος,</span> 
     </span>
    </p>
   </div>
   <div class='ocr_carea' id='block_1_5' title="bbox 312 2841 525 2852">
    <p class='ocr_par' dir='ltr' id='par_1_5' title="bbox 312 2841 525 2852">
     <span class='ocr_line' id='line_1_20' title="bbox 312 2841 525 2852; baseline 0 -2"><span class='ocrx_word' id='word_1_149' title='bbox 312 2841 525 2852; x_wconf 80' lang='lat'>--—-——-</span> 
     </span>
    </p>
   </div>
   <div class='ocr_carea' id='block_1_6' title="bbox 313 2947 1433 3182">
    <p class='ocr_par' dir='ltr' id='par_1_6' title="bbox 313 2947 1433 3182">
     <span class='ocr_line' id='line_1_21' title="bbox 404 2947 1432 3018; baseline -0.002 -16"><span class='ocrx_word' id='word_1_150' title='bbox 404 2948 431 3013; x_wconf 90' lang='lat' dir='ltr'>l)</span> <span class='ocrx_word' id='word_1_151' title='bbox 450 2947 484 3003; x_wconf 89' lang='grc' dir='ltr'>Η.</span> <span class='ocrx_word' id='word_1_152' title='bbox 504 2948 616 3003; x_wconf 88' lang='lat' dir='ltr'>Diels:</span> <span class='ocrx_word' id='word_1_153' title='bbox 636 2948 846 3016; x_wconf 87' lang='lat' dir='ltr'>Sibyllinische</span> <span class='ocrx_word' id='word_1_154' title='bbox 865 2947 983 3005; x_wconf 79' lang='lat' dir='ltr'>matter.</span> <span class='ocrx_word' id='word_1_155' title='bbox 1012 2949 1141 3006; x_wconf 93' lang='lat' dir='ltr'>Berolini</span> <span class='ocrx_word' id='word_1_156' title='bbox 1162 2952 1238 3016; x_wconf 83' lang='lat'>1890,</span> <span class='ocrx_word' id='word_1_157' title='bbox 1258 2965 1285 3018; x_wconf 89' lang='lat' dir='ltr'>p.</span> <span class='ocrx_word' id='word_1_158' title='bbox 1299 2949 1346 3002; x_wconf 73' lang='lat' dir='ltr'>m:</span> <span class='ocrx_word' id='word_1_159' title='bbox 1368 2947 1432 3014; x_wconf 88' lang='lat' dir='ltr'>„ein</span> 
     </span>
     <span class='ocr_line' id='line_1_22' title="bbox 313 3036 1433 3121; baseline -0.006 -30"><span class='ocrx_word' id='word_1_160' title='bbox 313 3036 613 3121; x_wconf 83' lang='lat' dir='ltr'>deisidaemonlsoher</span> <span class='ocrx_word' id='word_1_161' title='bbox 640 3037 743 3105; x_wconf 84' lang='lat' dir='ltr'>Dunst,</span> <span class='ocrx_word' id='word_1_162' title='bbox 772 3037 825 3092; x_wconf 84' lang='lat' dir='ltr'>der</span> <span class='ocrx_word' id='word_1_163' title='bbox 852 3053 890 3093; x_wconf 90' lang='lat' dir='ltr'>an</span> <span class='ocrx_word' id='word_1_164' title='bbox 918 3038 966 3094; x_wconf 88' lang='lat' dir='ltr'>die</span> <span class='ocrx_word' id='word_1_165' title='bbox 993 3037 1105 3093; x_wconf 88' lang='lat' dir='ltr'>Manier</span> <span class='ocrx_word' id='word_1_166' title='bbox 1131 3037 1184 3093; x_wconf 89' lang='lat' dir='ltr'>der</span> <span class='ocrx_word' id='word_1_167' title='bbox 1206 3037 1433 3104; x_wconf 71' lang='grc' dir='ltr'>γραοσολλὲαιρια</span> 
     </span>
     <span class='ocr_line' id='line_1_23' title="bbox 313 3126 467 3182; baseline -0.006 -2"><span class='ocrx_word' id='word_1_168' title='bbox 313 3126 467 3182; x_wconf 87' lang='lat' dir='ltr'>erinnert“.</span> 
     </span>
    </p>
   </div>
   <div class='ocr_carea' id='block_1_7' title="bbox 310 3233 1432 4370">
    <p class='ocr_par' dir='ltr' id='par_1_7' title="bbox 310 3233 1432 4370">
     <span class='ocr_line' id='line_1_24' title="bbox 401 3233 1431 3304; baseline -0.002 -16"><span class='ocrx_word' id='word_1_169' title='bbox 401 3235 430 3300; x_wconf 73' lang='lat'>2)</span> <span class='ocrx_word' id='word_1_170' title='bbox 450 3233 569 3290; x_wconf 88' lang='lat' dir='ltr'>Praeter</span> <span class='ocrx_word' id='word_1_171' title='bbox 599 3234 677 3290; x_wconf 87' lang='lat' dir='ltr'>hano</span> <span class='ocrx_word' id='word_1_172' title='bbox 706 3233 871 3290; x_wconf 83' lang='lat' dir='ltr'>doctrinam</span> <span class='ocrx_word' id='word_1_173' title='bbox 903 3251 971 3291; x_wconf 87' lang='lat' dir='ltr'>vere</span> <span class='ocrx_word' id='word_1_174' title='bbox 1001 3237 1124 3291; x_wconf 85' lang='lat' dir='ltr'>stoicam</span> <span class='ocrx_word' id='word_1_175' title='bbox 1153 3235 1229 3290; x_wconf 87' lang='lat' dir='ltr'>duae</span> <span class='ocrx_word' id='word_1_176' title='bbox 1259 3234 1431 3304; x_wconf 86' lang='lat' dir='ltr'>praesertim</span> 
     </span>
     <span class='ocr_line' id='line_1_25' title="bbox 313 3322 1431 3395; baseline -0.001 -18"><span class='ocrx_word' id='word_1_177' title='bbox 313 3323 549 3379; x_wconf 77' lang='lat' dir='ltr'>narratiunculae</span> <span class='ocrx_word' id='word_1_178' title='bbox 577 3325 654 3393; x_wconf 88' lang='lat' dir='ltr'>suut,</span> <span class='ocrx_word' id='word_1_179' title='bbox 691 3339 765 3395; x_wconf 85' lang='lat' dir='ltr'>quae</span> <span class='ocrx_word' id='word_1_180' title='bbox 793 3322 934 3380; x_wconf 89' lang='lat' dir='ltr'>Posidoni</span> <span class='ocrx_word' id='word_1_181' title='bbox 962 3324 1092 3381; x_wconf 92' lang='lat' dir='ltr'>indolem</span> <span class='ocrx_word' id='word_1_182' title='bbox 1120 3326 1194 3382; x_wconf 90' lang='lat' dir='ltr'>bene</span> <span class='ocrx_word' id='word_1_183' title='bbox 1222 3323 1431 3386; x_wconf 84' lang='lat' dir='ltr'>demonstrant,</span> 
     </span>
     <span class='ocr_line' id='line_1_26' title="bbox 312 3411 1431 3482; baseline -0.002 -15"><span class='ocrx_word' id='word_1_184' title='bbox 312 3411 406 3468; x_wconf 87' lang='lat' dir='ltr'>altera</span> <span class='ocrx_word' id='word_1_185' title='bbox 423 3412 502 3482; x_wconf 89' lang='lat' dir='ltr'>apud</span> <span class='ocrx_word' id='word_1_186' title='bbox 522 3412 606 3468; x_wconf 91' lang='lat' dir='ltr'>Diod.</span> <span class='ocrx_word' id='word_1_187' title='bbox 625 3416 669 3481; x_wconf 84' lang='lat'>36,</span> <span class='ocrx_word' id='word_1_188' title='bbox 691 3415 722 3468; x_wconf 86' lang='lat'>13</span> <span class='ocrx_word' id='word_1_189' title='bbox 742 3415 771 3468; x_wconf 90' lang='lat' dir='ltr'>et</span> <span class='ocrx_word' id='word_1_190' title='bbox 790 3413 866 3468; x_wconf 82' lang='lat' dir='ltr'>Plut.</span> <span class='ocrx_word' id='word_1_191' title='bbox 886 3413 955 3470; x_wconf 84' lang='lat' dir='ltr'>Mar.</span> <span class='ocrx_word' id='word_1_192' title='bbox 978 3418 1008 3469; x_wconf 81' lang='lat'>17</span> <span class='ocrx_word' id='word_1_193' title='bbox 1028 3414 1065 3469; x_wconf 86' lang='lat' dir='ltr'>de</span> <span class='ocrx_word' id='word_1_194' title='bbox 1085 3414 1204 3470; x_wconf 86' lang='lat' dir='ltr'>Battaoe</span> <span class='ocrx_word' id='word_1_195' title='bbox 1223 3416 1252 3468; x_wconf 90' lang='lat' dir='ltr'>et</span> <span class='ocrx_word' id='word_1_196' title='bbox 1265 3412 1347 3482; x_wconf 82' lang='lat' dir='ltr'>Syria</span> <span class='ocrx_word' id='word_1_197' title='bbox 1362 3411 1431 3475; x_wconf 80' lang='lat' dir='ltr'>Dea,</span> 
     </span>
     <span class='ocr_line' id='line_1_27' title="bbox 312 3501 1430 3572; baseline -0.003 -16"><span class='ocrx_word' id='word_1_198' title='bbox 312 3501 463 3556; x_wconf 81' lang='lat' dir='ltr'>alterode</span> <span class='ocrx_word' id='word_1_199' title='bbox 487 3517 558 3557; x_wconf 90' lang='lat' dir='ltr'>auro</span> <span class='ocrx_word' id='word_1_200' title='bbox 580 3502 724 3558; x_wconf 87' lang='lat' dir='ltr'>Tolosauo</span> <span class='ocrx_word' id='word_1_201' title='bbox 749 3503 826 3571; x_wconf 86' lang='lat' dir='ltr'>apud</span> <span class='ocrx_word' id='word_1_202' title='bbox 851 3502 1021 3558; x_wconf 85' lang='lat' dir='ltr'>Strabonem</span> <span class='ocrx_word' id='word_1_203' title='bbox 1045 3507 1062 3558; x_wconf 88' lang='grc'>4</span> <span class='ocrx_word' id='word_1_204' title='bbox 1086 3519 1112 3572; x_wconf 89' lang='grc' dir='ltr'>μ.</span> <span class='ocrx_word' id='word_1_205' title='bbox 1134 3507 1185 3558; x_wconf 90' lang='grc'>188</span> <span class='ocrx_word' id='word_1_206' title='bbox 1210 3505 1239 3557; x_wconf 90' lang='lat' dir='ltr'>et</span> <span class='ocrx_word' id='word_1_207' title='bbox 1261 3501 1362 3556; x_wconf 90' lang='lat' dir='ltr'>lustin.</span> <span class='ocrx_word' id='word_1_208' title='bbox 1388 3515 1430 3569; x_wconf 89' lang='lat' dir='ltr'>ep.</span> 
     </span>
     <span class='ocr_line' id='line_1_28' title="bbox 311 3587 1432 3662; baseline 0.008 -18"><span class='ocrx_word' id='word_1_209' title='bbox 311 3589 400 3659; x_wconf 81' lang='lat' dir='ltr'>Trogi</span> <span class='ocrx_word' id='word_1_210' title='bbox 418 3593 462 3659; x_wconf 75' lang='lat'>32,</span> <span class='ocrx_word' id='word_1_211' title='bbox 481 3595 506 3658; x_wconf 85' lang='lat'>3,</span> <span class='ocrx_word' id='word_1_212' title='bbox 526 3595 603 3662; x_wconf 88' lang='lat' dir='ltr'>9sq.,</span> <span class='ocrx_word' id='word_1_213' title='bbox 626 3593 678 3648; x_wconf 90' lang='lat' dir='ltr'>ubi</span> <span class='ocrx_word' id='word_1_214' title='bbox 700 3593 774 3647; x_wconf 86' lang='lat' dir='ltr'>haec</span> <span class='ocrx_word' id='word_1_215' title='bbox 797 3592 907 3661; x_wconf 88' lang='lat' dir='ltr'>scripta</span> <span class='ocrx_word' id='word_1_216' title='bbox 930 3596 1012 3647; x_wconf 89' lang='lat' dir='ltr'>suut:</span> <span class='ocrx_word' id='word_1_217' title='bbox 1043 3595 1061 3659; x_wconf 79' lang='grc' dir='ltr'>η</span> <span class='ocrx_word' id='word_1_218' title='bbox 1084 3594 1159 3658; x_wconf 83' lang='grc' dir='ltr'>χώρα</span> <span class='ocrx_word' id='word_1_219' title='bbox 1179 3593 1342 3657; x_wconf 54' lang='lat' dir='ltr'>sororumve</span> <span class='ocrx_word' id='word_1_220' title='bbox 1365 3587 1432 3641; x_wconf 64' lang='grc' dir='ltr'>οὖσα</span> 
     </span>
     <span class='ocr_line' id='line_1_29' title="bbox 312 3681 1430 3753; baseline -0.002 -22"><span class='ocrx_word' id='word_1_221' title='bbox 312 3684 358 3731; x_wconf 80' lang='grc' dir='ltr'>καί</span> <span class='ocrx_word' id='word_1_222' title='bbox 372 3683 566 3753; x_wconf 81' lang='grc' dir='ltr'>δεισιδαιμόνων</span> <span class='ocrx_word' id='word_1_223' title='bbox 579 3683 725 3747; x_wconf 73' lang='grc' dir='ltr'>ἀνθρώπων</span> <span class='ocrx_word' id='word_1_224' title='bbox 738 3685 785 3732; x_wconf 83' lang='grc' dir='ltr'>καί</span> <span class='ocrx_word' id='word_1_225' title='bbox 798 3717 804 3731; x_wconf 91' lang='grc'><em>.</em></span> <span class='ocrx_word' id='word_1_226' title='bbox 818 3719 824 3732; x_wconf 94' lang='grc'><strong>.</strong></span> <span class='ocrx_word' id='word_1_227' title='bbox 839 3719 846 3732; x_wconf 91' lang='grc'><strong>.</strong></span> <span class='ocrx_word' id='word_1_228' title='bbox 866 3684 976 3748; x_wconf 79' lang='grc' dir='ltr'>μηδενὸς</span> <span class='ocrx_word' id='word_1_229' title='bbox 994 3683 1189 3747; x_wconf 72' lang='grc' dir='ltr'>προςάπσεσδαι</span> <span class='ocrx_word' id='word_1_230' title='bbox 1207 3681 1369 3746; x_wconf 65' lang='grc' dir='ltr'>θαρροῦντος</span> <span class='ocrx_word' id='word_1_231' title='bbox 1382 3716 1388 3730; x_wconf 92' lang='grc'><em>.</em></span> <span class='ocrx_word' id='word_1_232' title='bbox 1402 3715 1409 3730; x_wconf 88' lang='grc'><strong>.</strong></span> <span class='ocrx_word' id='word_1_233' title='bbox 1423 3717 1430 3729; x_wconf 93' lang='grc'><strong>.</strong></span> 
     </span>
     <span class='ocr_line' id='line_1_30' title="bbox 312 3769 1430 3840; baseline 0 -17"><span class='ocrx_word' id='word_1_234' title='bbox 312 3793 345 3812; x_wconf 90' lang='lat'>=</span> <span class='ocrx_word' id='word_1_235' title='bbox 367 3769 465 3836; x_wconf 77' lang='lat' dir='ltr'>„velut</span> <span class='ocrx_word' id='word_1_236' title='bbox 487 3770 563 3826; x_wconf 88' lang='lat' dir='ltr'>ultor</span> <span class='ocrx_word' id='word_1_237' title='bbox 586 3785 687 3826; x_wconf 83' lang='lat' dir='ltr'>saonae</span> <span class='ocrx_word' id='word_1_238' title='bbox 709 3771 868 3840; x_wconf 59' lang='lat' dir='ltr'>pecunia&amp;</span> <span class='ocrx_word' id='word_1_239' title='bbox 902 3774 933 3826; x_wconf 89' lang='lat' dir='ltr'>et</span> <span class='ocrx_word' id='word_1_240' title='bbox 956 3771 1039 3826; x_wconf 88' lang='lat' dir='ltr'>Diod.</span> <span class='ocrx_word' id='word_1_241' title='bbox 1059 3787 1075 3826; x_wconf 95' lang='lat' dir='ltr'>e</span> <span class='ocrx_word' id='word_1_242' title='bbox 1094 3770 1273 3840; x_wconf 80' lang='lat' dir='ltr'>geographia</span> <span class='ocrx_word' id='word_1_243' title='bbox 1292 3769 1430 3825; x_wconf 90' lang='lat' dir='ltr'>Posidoni</span> 
     </span>
     <span class='ocr_line' id='line_1_31' title="bbox 311 3858 1430 3926; baseline 0 -14"><span class='ocrx_word' id='word_1_244' title='bbox 311 3860 336 3921; x_wconf 84' lang='lat'>5,</span> <span class='ocrx_word' id='word_1_245' title='bbox 351 3859 393 3921; x_wconf 76' lang='lat'>27,</span> <span class='ocrx_word' id='word_1_246' title='bbox 406 3861 423 3912; x_wconf 89' lang='grc'>4</span> <span class='ocrx_word' id='word_1_247' title='bbox 437 3859 522 3920; x_wconf 79' lang='grc' dir='ltr'>οὐδείς</span> <span class='ocrx_word' id='word_1_248' title='bbox 541 3861 650 3910; x_wconf 75' lang='grc' dir='ltr'>ἅπτεται</span> <span class='ocrx_word' id='word_1_249' title='bbox 668 3860 762 3912; x_wconf 79' lang='grc' dir='ltr'>τούτου</span> <span class='ocrx_word' id='word_1_250' title='bbox 781 3862 825 3912; x_wconf 81' lang='grc' dir='ltr'>διὰ</span> <span class='ocrx_word' id='word_1_251' title='bbox 843 3863 891 3926; x_wconf 79' lang='grc' dir='ltr'>τὴν</span> <span class='ocrx_word' id='word_1_252' title='bbox 904 3864 1116 3926; x_wconf 80' lang='grc' dir='ltr'>δεισιδαιμονίαν;</span> <span class='ocrx_word' id='word_1_253' title='bbox 1146 3859 1247 3916; x_wconf 82' lang='lat' dir='ltr'>confer</span> <span class='ocrx_word' id='word_1_254' title='bbox 1260 3858 1430 3914; x_wconf 85' lang='lat' dir='ltr'>lluellen·</span> 
     </span>
     <span class='ocr_line' id='line_1_32' title="bbox 312 3946 1429 4018; baseline 0 -16"><span class='ocrx_word' id='word_1_255' title='bbox 312 3946 401 4002; x_wconf 83' lang='lat' dir='ltr'>hoff:</span> <span class='ocrx_word' id='word_1_256' title='bbox 434 3947 581 4003; x_wconf 88' lang='lat' dir='ltr'>Deutsehe</span> <span class='ocrx_word' id='word_1_257' title='bbox 600 3948 864 4006; x_wconf 88' lang='lat' dir='ltr'>Altertumskunde</span> <span class='ocrx_word' id='word_1_258' title='bbox 884 3951 918 4018; x_wconf 94' lang='lat' dir='ltr'>ll,</span> <span class='ocrx_word' id='word_1_259' title='bbox 937 3952 998 4006; x_wconf 89' lang='grc'>306.</span> <span class='ocrx_word' id='word_1_260' title='bbox 1036 3950 1070 4005; x_wconf 86' lang='grc' dir='ltr'>Η.</span> <span class='ocrx_word' id='word_1_261' title='bbox 1089 3950 1257 4005; x_wconf 86' lang='lat' dir='ltr'>Wilkens:</span> <span class='ocrx_word' id='word_1_262' title='bbox 1290 3948 1333 4003; x_wconf 89' lang='lat' dir='ltr'>De</span> <span class='ocrx_word' id='word_1_263' title='bbox 1353 3946 1429 4002; x_wconf 88' lang='lat' dir='ltr'>Stra·</span> 
     </span>
     <span class='ocr_line' id='line_1_33' title="bbox 312 4037 1430 4110; baseline 0 -19"><span class='ocrx_word' id='word_1_264' title='bbox 312 4037 397 4092; x_wconf 89' lang='lat' dir='ltr'>bouis</span> <span class='ocrx_word' id='word_1_265' title='bbox 416 4037 599 4108; x_wconf 84' lang='lat' dir='ltr'>aliorumque</span> <span class='ocrx_word' id='word_1_266' title='bbox 618 4053 716 4094; x_wconf 88' lang='lat' dir='ltr'>rerum</span> <span class='ocrx_word' id='word_1_267' title='bbox 735 4037 808 4094; x_wconf 88' lang='lat' dir='ltr'>Gall.</span> <span class='ocrx_word' id='word_1_268' title='bbox 829 4042 904 4095; x_wconf 86' lang='lat' dir='ltr'>auct.</span> <span class='ocrx_word' id='word_1_269' title='bbox 924 4039 1056 4096; x_wconf 89' lang='lat' dir='ltr'>fontibus</span> <span class='ocrx_word' id='word_1_270' title='bbox 1075 4039 1224 4110; x_wconf 72' lang='lat' dir='ltr'>Marpurgi</span> <span class='ocrx_word' id='word_1_271' title='bbox 1243 4037 1430 4103; x_wconf 67' lang='lat' dir='ltr'>abstersae,</span> 
     </span>
     <span class='ocr_line' id='line_1_34' title="bbox 312 4125 1430 4195; baseline -0.002 -15"><span class='ocrx_word' id='word_1_272' title='bbox 312 4143 338 4195; x_wconf 87' lang='lat' dir='ltr'>p.</span> <span class='ocrx_word' id='word_1_273' title='bbox 359 4128 402 4193; x_wconf 75' lang='lat'>22,</span> <span class='ocrx_word' id='word_1_274' title='bbox 422 4127 464 4194; x_wconf 80' lang='lat'>23,</span> <span class='ocrx_word' id='word_1_275' title='bbox 484 4125 526 4182; x_wconf 73' lang='lat'>28.</span> <span class='ocrx_word' id='word_1_276' title='bbox 547 4156 579 4164; x_wconf 89' lang='lat'>-</span> <span class='ocrx_word' id='word_1_277' title='bbox 600 4127 683 4184; x_wconf 81' lang='lat' dir='ltr'>Adde</span> <span class='ocrx_word' id='word_1_278' title='bbox 703 4127 778 4184; x_wconf 86' lang='lat' dir='ltr'>Plut.</span> <span class='ocrx_word' id='word_1_279' title='bbox 798 4130 877 4185; x_wconf 82' lang='lat' dir='ltr'>vilae</span> <span class='ocrx_word' id='word_1_280' title='bbox 896 4127 994 4185; x_wconf 81' lang='lat' dir='ltr'>Sullae</span> <span class='ocrx_word' id='word_1_281' title='bbox 1015 4134 1060 4185; x_wconf 83' lang='lat'>14:</span> <span class='ocrx_word' id='word_1_282' title='bbox 1088 4134 1134 4182; x_wconf 76' lang='grc' dir='ltr'>καί</span> <span class='ocrx_word' id='word_1_283' title='bbox 1153 4132 1183 4182; x_wconf 84' lang='grc' dir='ltr'>τὸ</span> <span class='ocrx_word' id='word_1_284' title='bbox 1202 4127 1430 4194; x_wconf 62' lang='lat' dir='ltr'>temeratorem</span> 
     </span>
     <span class='ocr_line' id='line_1_35' title="bbox 310 4215 1432 4285; baseline 0.002 -17"><span class='ocrx_word' id='word_1_285' title='bbox 310 4217 457 4283; x_wconf 74' lang='grc' dir='ltr'>ἐπεσήμηνε</span> <span class='ocrx_word' id='word_1_286' title='bbox 474 4219 504 4271; x_wconf 83' lang='grc' dir='ltr'>εί</span> <span class='ocrx_word' id='word_1_287' title='bbox 523 4215 650 4272; x_wconf 80' lang='lat' dir='ltr'>Marcell.</span> <span class='ocrx_word' id='word_1_288' title='bbox 670 4221 717 4272; x_wconf 74' lang='lat'>20:</span> <span class='ocrx_word' id='word_1_289' title='bbox 737 4221 849 4284; x_wconf 82' lang='grc' dir='ltr'>μηδενὸς</span> <span class='ocrx_word' id='word_1_290' title='bbox 867 4221 896 4270; x_wconf 76' lang='grc' dir='ltr'>δὲ</span> <span class='ocrx_word' id='word_1_291' title='bbox 908 4220 1056 4284; x_wconf 70' lang='grc' dir='ltr'>τολμῶντος</span> <span class='ocrx_word' id='word_1_292' title='bbox 1070 4220 1190 4285; x_wconf 68' lang='grc' dir='ltr'>ἅψασθαι</span> <span class='ocrx_word' id='word_1_293' title='bbox 1202 4221 1269 4285; x_wconf 62' lang='grc' dir='ltr'>μηδὲ</span> <span class='ocrx_word' id='word_1_294' title='bbox 1283 4220 1432 4283; x_wconf 76' lang='grc' dir='ltr'>ἀπαντῆσαι</span> 
     </span>
     <span class='ocr_line' id='line_1_36' title="bbox 311 4307 654 4370; baseline 0.015 -15"><span class='ocrx_word' id='word_1_295' title='bbox 311 4307 355 4356; x_wconf 84' lang='grc' dir='ltr'>δια</span> <span class='ocrx_word' id='word_1_296' title='bbox 374 4307 575 4370; x_wconf 80' lang='grc' dir='ltr'>δεισιδαιμονίαν</span> <span class='ocrx_word' id='word_1_297' title='bbox 594 4347 600 4358; x_wconf 92' lang='grc'>.</span> <span class='ocrx_word' id='word_1_298' title='bbox 621 4344 627 4356; x_wconf 94' lang='grc'><strong>.</strong></span> <span class='ocrx_word' id='word_1_299' title='bbox 648 4348 654 4360; x_wconf 96' lang='grc'><strong>.</strong></span> 
     </span>
    </p>
   </div>
   <div class='ocr_carea' id='block_1_8' title="bbox 0 0 1688 5184">
    <p class='ocr_par' dir='ltr' id='par_1_8' title="bbox 0 0 1688 5184">
     <span class='ocr_line' id='line_1_37' title="bbox 0 0 1688 5184; baseline 0 1"><span class='ocrx_word' id='word_1_300' title='bbox 0 0 1688 5184; x_wconf 95' lang='lat' dir='ltr'> </span> 
     </span>
    </p>
   </div>
  </div>
 </body>
</html>
