3367 5184
681 651 903 714 -75-

231 825 386 908 elucet¹);
410 825 604 891 Hortensius
627 827 782 894 Hortalus
806 849 826 892 a
849 827 943 899 Livio
965 809 1178 907 nonsoitatur3
1201 828 1238 892 T.
1256 828 1354 894 Pom·

230 934 308 1018 poni
341 933 440 998 Attici
474 940 507 998 et
523 1007 526 1014 ‚
540 933 669 998 Corneli
701 934 835 1020 Nepotis
869 935 1028 1000 doctiores
1059 957 1157 1020 quam
1188 936 1356 1001 suaviores

230 1041 330 1106 libros
353 1049 482 1127 praeter
504 1042 749 1127 chronologicas
772 1064 824 1108 res
841 1050 898 1108 aut
912 1042 1224 1128 prosopographieas
1240 1065 1353 1128 quem-

231 1169 326 1233 quam
351 1150 528 1234 inspexisse
552 1171 725 1233 negamus3
749 1152 894 1235 reliquus
917 1158 967 1215 est
989 1152 1058 1215 fere
1081 1152 1168 1217 solus
1189 1152 1226 1224 Q.
1241 1152 1355 1217 Aelius

230 1255 370 1336 Tubero,
395 1259 451 1342 qui
474 1258 515 1321 ab
538 1259 662 1343 origine
685 1259 773 1322 urbis
798 1281 901 1344 usque
917 1259 958 1323 ad
974 1259 1107 1324 minime
1122 1259 1243 1324 bellurn
1260 1259 1355 1324 civile

231 1353 379 1428 Caesaris
403 1371 435 1428 ct
457 1364 592 1451 Pompei
615 1366 765 1432 historias
787 1365 955 1451 pepigit2).
1029 1433 1032 1438 ,

321 1470 474 1555 Sequitur
503 1479 539 1535 ut
567 1491 775 1557 quaeramus,
813 1493 893 1536 num
918 1472 1072 1538 Claudius
1103 1474 1351 1557 Quadrigarius,

231 1599 326 1664 quem
350 1574 562 1644 Bierikowski
586 1581 702 1661 omisit,
727 1581 767 1645 de
791 1581 889 1645 rebus
911 1583 1009 1666 primi
1032 1582 1152 1646 saeculi
1175 1581 1355 1666 scripserit,

230 1693 327 1770 atque
350 1688 391 1751 de
415 1689 508 1751 annis
532 1688 662 1772 quidem
686 1695 761 1752 ante
784 1696 923 1752 mortem
947 1688 1057 1753 Sullae
1084 1690 1229 1774 quaestio
1258 1688 1353 1753 facile

231 1794 374 1880 expediri
396 1802 512 1880 potest,
536 1796 621 1880 quod
645 1795 767 1876 Livius,
792 1818 865 1860 cum
889 1818 942 1861 res
966 1797 1043 1861 anni
1066 1798 1108 1860 82
1134 1803 1290 1877 narraret,
1314 1817 1353 1861 eo

229 1923 307 1966 usus
331 1909 393 1982 est;
417 1903 473 1966 sed
497 1903 594 1967 etiam
619 1903 658 1967 de
682 1905 927 1988 insequentibus
950 1905 1044 1968 annis
1059 1905 1197 1988 vestigia
1219 1886 1353 1989 reperiri

230 2017 395 2095 putamus,
420 2032 496 2074 nam
519 2010 736 2096 fragmentum
761 2011 842 2077 95Ρ
859 2012 899 2076 de
921 2012 1066 2096 fugitivis
1082 2018 1141 2091 est,
1164 2018 1201 2075 ut
1215 2012 1352 2075 videtur:

233 2139 365 2202 ,agrum
389 2117 551 2182 Nolanum
573 2119 728 2202 populare
753 2119 961 2205 coeperunt“,
984 2118 1144 2183 nisiforte
1160 2118 1354 2182 Hannibalis

230 2225 347 2288 milites
371 2225 584 2289 subaudiendi
609 2233 693 2307 sunt,
718 2232 750 2289 et
773 2226 993 2310 fragmentum
1018 2225 1093 2291 911³
1118 2225 1204 2310 quod
1222 2225 1354 2289 Servius

174 2369 177 2374 ·
230 2333 359 2397 exhibet
382 2333 423 2396 ad
447 2354 520 2396 eum
545 2335 666 2397 annum
690 2339 823 2417 spectat,
848 2355 912 2417 quo
932 2333 1107 2418 Spartacus
1130 2333 1261 2397 Thuriis
1283 2333 1352 2396 hie·

231 2440 353 2515 mabat3
401 2440 537 2520 accedit,
577 2441 661 2526 quod
687 2441 811 2505 Nonius
847 2441 966 2505 librum
1001 2441 1082 2504 XXI
1112 2441 1237 2520 laudat,
1275 2461 1352 2505 nam

229 2549 315 2614 libro
335 2549 416 2612 XIX
440 2547 595 2613 Claudius
625 2571 677 2613 res
710 2550 793 2614 bello
827 2549 914 2614 civili
943 2556 1049 2634 gestas
1081 2555 1283 2633 exposuerat.
1309 2583 1351 2592 -

230 2655 376 2721 Tandem
404 2658 443 2721 ad
472 2657 688 2722 Fenestellam
718 2658 880 2736 venimus,
921 2658 1012 2721 cuius
1039 2657 1194 2722 librorum
1222 2656 1351 2720 Livium

228 2772 409 2850 respectum
434 2786 499 2828 non
522 2765 687 2846 habuisse,
724 2786 920 2850 quamquam
944 2766 1014 2829 fere
1037 2765 1145 2828 omnia
1168 2764 1351 2848 fragmenta

229 2894 248 2936 e
271 2872 445 2936 Plutarcho
470 2878 501 2935 et
523 2872 630 2936 Plinio
655 2872 866 2956 colliguntur,
905 2873 992 2957 apud
1016 2871 1146 2936 Livium
1169 2870 1353 2936 Fenestella

229 3001 406 3065 numquam
431 2980 557 3060 citatur,
582 3001 645 3043 non
669 2979 846 3043 verisimile
871 2985 928 3042 est.

318 3088 382 3152 Sed
409 3088 585 3173 plurimum
613 3088 747 3150 interest
774 3086 868 3152 illum
895 3092 1061 3156 auctorem
1089 3087 1259 3172 indagare,
1300 3088 1352 3151 cui

228 3217 363 3281 magnos
386 3216 537 3260 numeros
561 3215 727 3259 servorum
750 3194 863 3260 Livius
888 3195 1013 3276 debuit,
1052 3195 1114 3259 nisi
1138 3216 1215 3260 vero
1244 3196 1350 3281 ipsum

229 3325 283 3368 eos
316 3303 447 3368 finxisse
482 3302 594 3366 credis.
642 3301 693 3365 De
722 3301 853 3366 Valerio
888 3302 1020 3366 Antiate
1052 3304 1247 3388 quicumque
1282 3304 1353 3367 eius

228 3410 369 3475 indolem
398 3411 487 3474 novit
517 3411 619 3495 primo
658 3409 828 3496 cogitabit3
867 3431 974 3496 neque
1007 3417 1114 3474 tamen
1147 3410 1233 3474 illins
1261 3411 1349 3490 vitiu,

220 3539 426 3608 'quamquam
458 3519 560 3582 multa
598 3518 761 3582 fabulatus
796 3525 845 3582 est
876 3519 1096 3603 plurimosque
1124 3540 1275 3583 numeros
1303 3519 1353 3581 in-

157 3674 160 3680 .
228 3627 424 3690 credibiliter
462 3627 590 3708 extulit,
628 3626 800 3691 multitudo
838 3648 1007 3690 servorum
1036 3633 1131 3691 aucta
1163 3632 1226 3708 est,
1265 3626 1351 3710 quod

229 3755 309 3818 quos
339 3734 468 3819 scripsit
495 3735 629 3798 annales
652 3735 751 3800 libros
785 3756 852 3801 non
875 3734 962 3798 ultra
985 3755 1105 3798 annum
1130 3735 1171 3800 82
1197 3733 1353 3798 deductos

228 3862 298 3905 esse
336 3841 501 3906 luculenta
535 3842 760 3906 dissertatione
797 3841 886 3905 Frid.
927 3842 1079 3905 ltluenzer
1114 3841 1348 3926 comprobavit,

227 3971 325 4033 quarn
346 3933 456 4014 nostra
480 3951 609 4034 quidem
633 3951 792 4015 sententia
807 3949 845 4014 L.
863 3948 1035 4035 Holzapfel
1049 3949 1183 4013 minime
1206 3948 1352 4012 infirma-

318 4110 345 4170 1)
365 4107 528 4163 Muenzer
545 4108 565 4162 l.
579 4123 602 4164 c.
619 4111 676 4164 116.
715 4107 863 4164 Schanz.
883 4107 983 4164 Roem.
996 4107 1163 4178 Littgesctr
1179 4106 1200 4174 l,
1221 4106 1237 4174 ξ
1252 4108 1311 4175 112,
1323 4110 1348 4161 4.

321 4199 349 4265 2)
369 4197 582 4268 Nipperdey:
620 4197 677 4253 Zur
709 4197 887 4255 Geschichte
919 4198 945 4254 d.
968 4213 1057 4254 roem.
1088 4196 1350 4267 Historiographie.

227 4285 332 4344 philol.
346 4291 371 4354 a,
392 4289 469 4355 rear,
488 4303 516 4342 n.
529 4289 554 4340 r.
1006 4322 1008 4325 .
