3367 5184
697 711 738 720 ..
786 677 825 739 91
865 682 916 720 ⁴..

247 853 384 918 multum
407 859 519 918 nostra
533 854 634 938 pluris
651 853 785 918 interest
801 874 1006 938 cognoscere,
1031 855 1086 937 qui
1102 853 1175 918 lons
1189 853 1367 938 posteriore

248 961 360 1046 capitis
384 967 475 1046 parte
498 962 609 1026 lateat:
641 967 768 1047 praeter
791 961 921 1026 Eurum
945 967 1097 1046 quattuor
1118 962 1259 1025 illustres
1281 962 1368 1025 viros

248 1067 390 1134 Graecos
413 1067 607 1134 Plutarchus
630 1069 784 1148 nominat,
808 1091 910 1133 unum
928 1069 1125 1152 Romanurn,
1149 1069 1292 1145 Mucium
1313 1071 1368 1133 τὸν

248 1177 384 1259 νομικὸν,
415 1176 536 1240 scilicet
565 1175 602 1240 P.
628 1176 816 1242 Scaevolam
848 1177 1048 1262 pontificem,
1086 1197 1184 1262 quem
1213 1177 1269 1240 vit.
1295 1174 1367 1240 Tib.

248 1282 387 1350 Gracchi
408 1287 427 1348 9
444 1281 501 1365 (of.
518 1283 616 1348 Diod.
635 1283 688 1364 38,
709 1283 763 1364 lt)
780 1281 980 1369 rupaeclarae
997 1283 1149 1369 appellat,
1172 1304 1249 1347 nam
1264 1268 1368 1348 lilium

248 1390 286 1462 Q.
303 1391 446 1455 Mucium
469 1388 504 1454 O.
523 1391 643 1456 Marius
660 1390 832 1477 iugulavit3
858 1412 959 1476 qnare
975 1412 1039 1454 non
1056 1391 1251 1456 annalistam
1266 1410 1368 1475 quen-

248 1499 323 1562 dam
350 1497 534 1562 Romanum
562 1499 694 1564 subesse
722 1498 894 1580 evincitur,
933 1498 990 1562 sed
1014 1496 1176 1562 Graecum
1204 1503 1369 1562 auctorem

248 1605 344 1690 primi
367 1605 436 1670 fere
460 1627 489 1670 a.
504 1604 578 1669 Ohr.
597 1605 727 1686 saeculi,
753 1607 839 1691 quod
862 1606 903 1670 de
918 1606 1050 1671 Herode
1073 1627 1151 1690 rege
1174 1605 1368 1669 ludaeorum

248 1713 443 1778 Plutarchus
466 1719 561 1784 tacet,
594 1734 734 1798 eumque
756 1714 995 1798 philosophum,
1026 1713 1082 1798 qui
1105 1714 1225 1798 optime
1249 1711 1369 1777 Phere-

249 1821 362 1906 cydem
397 1827 432 1884 ut
464 1821 618 1904 θεολόγον
651 1821 823 1904 significet3
863 1827 1006 1886 ceterum
1041 1821 1215 1906 praecipue
1253 1820 1370 1907 stoicos

250 1929 456 2013 philosophos
480 1929 520 1992 de
543 1929 713 2013 phthiriasi
737 1930 903 2014 scripsisse
927 1950 1002 1993 mox
1031 1928 1222 1993 videbimus.
1275 1926 1369 1991 Nunc

250 2035 371 2101 fontem
395 2057 435 2102 ex
457 2037 535 2120 ipsis
558 2035 724 2102 Plutarchi
747 2038 855 2101 verbis
879 2037 1060 2101 accuratius
1083 2035 1219 2100 definire
1239 2035 1370 2099 conabi-

251 2165 331 2224 mur,
358 2145 412 2228 qui
435 2144 499 2209 illis
523 2146 664 2230 quinque
689 2146 873 2208 nominibus
896 2145 1001 2208 allatis
1017 2145 1135 2208 mirum
1151 2145 1184 2207 in
1201 2140 1371 2238 moduml)

251 2253 295 2316 sic
318 2251 440 2336 pergit:
481 2253 507 2316 εἰ
535 2252 569 2316 δὲ
592 2254 640 2316 δεῖ
659 2261 722 2318 τῶν
745 2245 799 2317 ἀπ’
822 2253 946 2329 οὐδενὸς
970 2253 1025 2336 μὲν
1047 2261 1186 2336 χρηστοῦ
1208 2250 1371 2336 γνωρίμων

251 2354 277 2424 δ’
301 2356 406 2436 ἄλλως
439 2360 677 2446 ἐπιμνησθῆναι,
718 2360 841 2444 λέγεται
880 2362 934 2424 τὸν
968 2360 1102 2445 ἄρξαντα
1135 2369 1191 2424 τοῦ
1226 2355 1371 2422 δουλικοῦ

251 2466 389 2550 πολέμου
411 2470 479 2554 περὶ
500 2467 644 2532 Σικελίαν
664 2467 818 2554 δραπέτην
834 2467 953 2533 Εὔνουν
972 2470 1071 2551 ὄνομα
1087 2470 1164 2551 μετὰ
1183 2469 1240 2551 την
1254 2467 1372 2530 ἅλωσιν

253 2576 296 2653 εἰς
328 2569 451 2659 Ῥώμην
484 2576 635 2660 ἀγόμενον
667 2576 728 2640 ὑπὸ
761 2576 969 2661 φθειριάσεως
1000 2576 1181 2640 ἀποθανεῖν.
1228 2571 1295 2637 Our
1326 2578 1373 2635 tot

252 2684 352 2747 verbe
376 2682 416 2746 de
440 2683 494 2746 illo
518 2682 676 2767 fugitivo?
712 2703 769 2747 our
791 2684 923 2748 tandem
947 2683 1031 2746 servi
1055 2683 1251 2746 mentionem
1275 2679 1373 2744 lecit?

252 2790 359 2852 hercle
388 2797 519 2874 propter
546 2790 668 2855 iontem
693 2789 902 2855 Plutarchum
926 2791 987 2855 hoc
1016 2790 1198 2874 exemplum
1226 2787 1373 2872 posuisse

253 2896 433 2960 indicamus
457 2898 522 2976 vel,
560 2904 594 2961 ut
617 2919 681 2961 uno
705 2899 804 2961 verbo
829 2899 989 2978 dicamus,
1025 2897 1137 2961 Eunus
1160 2895 1315 2980 fugitivus
1338 2895 1372 2958 in

253 3002 342 3066 fonte
370 3005 559 3089 praecipuas
587 3011 696 3088 partes
724 3007 803 3089 egit,
843 3006 884 3068 de
912 3005 995 3070 bello
1024 3005 1133 3069 servili
1161 3009 1273 3068 auctor
1303 3001 1373 3064 eius

254 3110 397 3194 scripsit3
433 3110 531 3194 qnid?
555 3111 641 3195 quod
666 3111 823 3177 Scaevola
845 3111 931 3175 Enni
954 3112 1098 3196 aequalis
1122 3110 1191 3174 fuit.
1238 3110 1308 3173 lam
1332 3109 1373 3172 ‹le

254 3218 427 3283 Posidonio
437 3216 465 3299 2)
490 3218 678 3302 cogitamus,
703 3219 759 3303 qui
781 3218 868 3282 hluni
884 3218 1075 3303 Apamensie
1090 3219 1191 3282 vitam
1206 3216 1373 3281 verbosius

255 3346 406 3390 enarrare
423 3347 487 3391 non
504 3326 678 3406 dubitavit3
701 3327 788 3412 quod
806 3327 904 3390 etiam
920 3327 1126 3390 verisimilius
1148 3325 1194 3405 fit,
1219 3326 1275 3388 nbi
1291 3343 1374 3408 quae

255 3437 353 3500 ceteri
382 3455 491 3499 rernm
520 3434 691 3518 scriptores
719 3434 759 3498 de
786 3434 974 3518 Pherecyde
999 3442 1030 3497 et
1054 3432 1251 3497 Callisthene
1275 3430 1374 3494 uaci-

255 3544 361 3608 derint
385 3542 657 3627 perlustravimus.

255 3687 428 3754 argumenta
447 3697 551 3753 parurn
560 3681 701 3753 'potentia
713 3681 857 3752 proferat:
871 3683 1005 3752 primum
1018 3683 1096 3738 enim
1110 3681 1148 3737 ad
1164 3677 1373 3750 „gravitatem“

257 3773 395 3831 Posidoni
419 3773 553 3830 conferas
577 3772 671 3829 Strab.
692 3776 733 3842 16,
752 3775 812 3841 755,
835 3774 899 3828 turn
923 3772 1099 3842 phthiriasis
1122 3771 1249 3827 ridicula
1274 3768 1376 3825 sabula

257 3865 301 3920 est
314 3866 414 3919 nostra
427 3863 546 3933 quidem
560 3863 705 3918 sententia
717 3863 850 3918 veterum
863 3877 921 3918 non
934 3862 1014 3930 item,
1033 3862 1091 3917 nisi
1105 3875 1174 3916 vero
1187 3858 1374 3915 Aristotelem

257 3957 286 4009 et
305 3953 537 4024 Theophrastum
558 3955 726 4023 graviorum
745 3957 897 4010 anctorum
917 3967 1039 4008 numero
1058 3951 1190 4021 expellis.
1278 3993 1282 4000 .

349 4043 374 4110 1)
396 4041 438 4098 Ab
452 4044 585 4112 Appiano
605 4043 700 4100 nitur.
718 4046 767 4098 109
780 4041 952 4113 Spartacum
963 4039 1102 4098 similiter
1113 4039 1215 4096 induci
1228 4039 1375 4094 videmus:

257 4135 414 4198 Σπαρτάκωι
432 4149 462 4184 τε
480 4135 633 4198 μονομάχωι
651 4171 658 4184 .
679 4172 684 4183 .
705 4176 710 4186 .
732 4135 805 4198 ἀνδρὶ
823 4135 864 4184 ἐπ’
882 4133 1004 4198 οὐδεμιᾶς
1022 4132 1153 4193 ἀξιώσεως
1171 4131 1233 4181 ὄντι.

309 4261 311 4266 -
345 4225 376 4289 2)
394 4221 477 4289 Quod
496 4221 640 4278 Diodorus
659 4225 701 4291 34,
716 4225 744 4290 2,
760 4225 794 4277 23
817 4222 962 4292 Murgenti
988 4220 1102 4276 llnnnm
1126 4219 1270 4276 occidisse
1293 4218 1376 4283 dicit,

258 4313 333 4368 nihil
352 4313 453 4378 refert;
474 4315 553 4368 certo
574 4313 708 4382 captivus
727 4313 756 4366 in
778 4313 953 4382 potestatem
973 4311 1170 4367 Romanorum
1189 4309 1278 4364 venit.
1358 4362 1361 4369 ,
