3367 5184
769 624 989 685 „26-

321 799 450 878 Wilms3
475 808 506 862 et
531 823 584 864 eos
609 823 688 884 quos
708 801 824 864 Florus
849 802 978 864 exhibet
1000 807 1165 884 praetores
1182 802 1337 865 Manlium
1353 802 1439 864 Len-

321 909 422 971 tulum
452 907 604 971 Pisonem
633 907 820 992 Hypsaeum
850 909 910 970 hoc
941 909 1159 991 epitomatoris
1184 909 1295 972 ordine
1317 915 1439 971 nmtato

321 1015 413 1077 annis
442 1017 500 1079 138
529 1017 772 1100 insequentibus
802 1017 994 1079 addixerunt
1017 1015 1185 1080 Lehmann
1209 1017 1304 1080 Klein
1328 1016 1438 1095 Holm,

321 1143 384 1184 uno
409 1143 493 1186 anno
516 1125 660 1186 variatur
684 1124 844 1187 sententia
866 1123 1004 1206 Ungeri3
1045 1130 1155 1187 eontra
1171 1124 1285 1186 Wilms
1309 1130 1439 1208 propter

320 1227 456 1292 Diodori
484 1232 701 1294 narrationem
725 1231 913 1315 Hypsaeum
946 1232 1028 1293 serie
1053 1239 1236 1314 exenrptnm
1266 1253 1350 1293 anno
1378 1231 1439 1292 139

321 1336 479 1416 attribuit,
504 1339 559 1400 sed
583 1339 663 1400 haec
686 1337 851 1400 hactenus.

410 1443 504 1507 Hanc
535 1451 659 1508 tantam
688 1445 936 1528 discrepantiam
965 1466 1005 1506 ex
1032 1445 1141 1528 inopia
1168 1445 1305 1508 soritium
1331 1453 1437 1508 natam

321 1571 390 1612 esse
414 1572 496 1614 nnus
521 1552 655 1635 quisque
678 1551 774 1614 facile
797 1552 978 1634 intelleget3
1006 1552 1063 1614 sed
1086 1552 1211 1614 accedit
1234 1553 1319 1635 quod
1342 1552 1439 1636 pleri·

321 1679 383 1739 que
418 1680 498 1740 quos
532 1660 770 1722 nominavimus
805 1659 867 1720 viri
902 1659 986 1720 docti
1020 1680 1085 1721 uno
1121 1659 1298 1741 eodemque
1334 1660 1439 1737 modo,

321 1773 477 1847 quantum
511 1766 650 1850 perspici
683 1773 798 1850 potest,
834 1765 1056 1828 difficultatem
1092 1765 1220 1828 auferre
1254 1766 1439 1829 intendunt:

321 1878 386 1936 tres
421 1874 506 1936 eninr
542 1875 690 1936 consules
725 1895 783 1956 per
817 1874 961 1956 singulos
995 1895 1096 1936 annos
1126 1873 1243 1936 bellum
1273 1873 1305 1935 in
1330 1871 1439 1936 Sicilia

321 1981 458 2062 gessisse
487 1983 577 2064 quasi
603 1981 907 2064 prolundanrento
944 1980 1079 2058 habent,
1118 1980 1234 2062 quibus
1268 1987 1439 2063 postquam

321 2094 471 2170 quattuor
506 2109 606 2151 annos
642 2094 826 2171 praetorum
852 2109 869 2148 e
893 2087 982 2150 Flori
1012 2088 1202 2150 auctoritate
1237 2087 1440 2167 addiderunt,

320 2193 483 2277 Popilium
522 2196 654 2278 insuper
689 2194 862 2278 recipiunt,
902 2215 1099 2277 quamquam
1135 2216 1199 2258 non
1234 2195 1350 2257 desunt
1384 2195 1439 2276 qui

321 2302 518 2382 dubitantem
559 2324 635 2365 num
666 2309 753 2364 recte
775 2301 928 2376 Pisonem
961 2301 1153 2384 epitomator
1184 2310 1366 2384 praetorem
1390 2302 1439 2362 in·
1502 2316 1504 2320 '

321 2409 457 2489 duxerit,
494 2432 593 2473 unum
630 2431 750 2474 annum
785 2409 966 2472 detrahant.
1028 2407 1099 2471 Iam
1134 2409 1174 2471 ad
1207 2409 1373 2471 libidinem
1407 2409 1439 2469 in

322 2517 464 2600 singulos
489 2537 589 2580 annos
613 2518 757 2601 singulos
780 2523 945 2600 praetores
973 2516 1160 2599 disponunt,
1199 2514 1361 2598 Popilium
1385 2521 1440 2576 aut

321 2625 434 2697 ceteris
448 2632 648 2708 anteponunt
664 2631 720 2688 ant
731 2630 938 2708 postponunt,
955 2623 1102 2686 ordinem
1113 2631 1298 2706 praetorum
1312 2622 1438 2704 qualern

320 2731 436 2794 Florus
459 2732 593 2815 praebet
615 2733 789 2809 invertunt,
814 2731 963 2813 «lenique,
993 2730 1078 2813 quod
1102 2730 1240 2793 maxime
1264 2729 1439 2812 reprehen-

321 2839 462 2902 dendum
486 2839 626 2918 ridetur,
652 2839 719 2902 fere
745 2839 866 2901 nullam
886 2838 1043 2900 rationem
1060 2837 1189 2914 habent,
1209 2836 1330 2920 quibus
1346 2838 1439 2898 annis

321 2952 445 3008 veteres
479 2967 585 3009 rerum
617 2947 788 3031 scriptores
819 2945 938 3009 bellum
969 2946 1084 3008 servile
1112 2945 1209 3008 fnisse
1234 2945 1437 3028 sumpserint

410 3053 628 3124 Quamobrem
659 3055 831 3137 praecipue
862 3074 901 3115 ex
931 3051 992 3114 hac
1023 3058 1114 3135 parte
1145 3051 1366 3134 quaestionem
1390 3052 1438 3113 in-

321 3161 515 3225 stituendam
528 3182 598 3224 esse
611 3162 803 3245 putavimus.
836 3157 878 3222 Et
890 3161 1030 3243 primum
1043 3159 1183 3242 quidem,
1208 3165 1243 3220 nt
1255 3180 1273 3220 a
1286 3157 1438 3220 facillimo

321 3269 418 3332 ordiri
435 3289 575 3351 aequum
592 3275 649 3347 est,
674 3269 714 3332 de
730 3267 821 3335 Livio
839 3288 1048 3351 exponamus,
1071 3266 1186 3329 deinde
1202 3265 1243 3328 ad
1259 3264 1438 3330 Diodorum

320 3397 504 3460 pergamus,
528 3383 690 3460 postremo
715 3376 742 3438 si
765 3375 851 3438 idern
875 3375 960 3437 hunc
982 3369 1079 3457 atque
1093 3373 1185 3441 illum
1202 3373 1328 3436 tradere
1344 3372 1439 3434 modo

320 3484 498 3567 apparebit,
522 3482 676 3548 Posidoni
700 3481 852 3546 historiae
876 3483 909 3546 in
932 3481 1086 3544 indicium
1109 3481 1327 3543 vocabuntur:

411 3589 529 3668 Tribus
572 3591 663 3654 libris
705 3589 826 3653 scilicet
860 3587 1440 3653 11611581159111111’11111111

320 3697 436 3760 servile
469 3697 644 3777 enarravit,
684 3718 820 3780 quornm
844 3719 862 3759 e
886 3696 1045 3781 periochis
1074 3695 1179 3779 prima
1209 3695 1268 3757 hoc
1292 3693 1437 3778 praebet:

324 3803 464 3880 „bellum
488 3805 603 3867 servile
626 3805 659 3866 in
685 3805 794 3868 Sicilia
818 3811 923 3868 ortum
948 3824 1022 3866 curn
1046 3802 1183 3886 opprimi
1204 3801 1440 3886 apraetoribus

321 3931 383 3973 non
401 3911 558 3995 potuisset
570 3910 605 3975 0.
620 3911 734 3976 Fulvio
748 3933 812 3976 cos.
826 3913 1015 3974 mandatnm
1027 3917 1091 3989 est,
1115 3910 1208 3972 huius
1221 3908 1296 3972 belli
1312 3908 1438 3971 initium

320 4015 382 4078 fuit
410 4016 522 4081 Eunus
547 4067 553 4081 .
581 4068 587 4081 .
614 4020 660 4098 .“;
706 4019 786 4083 fides
821 4017 993 4103 periochae
1023 4017 1231 4081 confirmatur
1258 4000 1308 4079 his
1332 4016 1439 4078 verbis

320 4123 384 4187 1111
408 4124 623 4209 Obsequentis
653 4129 706 4208 27,
723 4126 779 4190 86:
813 4123 1232 4207 ,,Ρ.11111111.111νῑο
1257 4144 1336 4186 coss.
1364 4171 1370 4184 .
1398 4173 1403 4184 .
1431 4172 1437 4184 .

320 4231 527 4314 fugitivorum
545 4232 664 4310 bellum
681 4235 715 4298 in
732 4235 841 4298 Sicilia
857 4240 1013 4312 exortum,
1040 4233 1260 4296 coniuratione
1272 4252 1438 4316 servorum
