3367 5184
723 1282 1018 1396 aucuneus

485 1461 526 1525 ad
549 1461 717 1526 Plutarchi
740 1462 826 1526 vitae
851 1460 962 1526 Sullae
985 1469 1082 1548 caput
1103 1461 1258 1526 XXXVI.

395 1693 565 1760 ,Plutarchi
592 1693 678 1757 vitae
708 1693 816 1757 Sullae
850 1699 947 1778 caput
967 1693 1024 1773 36,
1060 1698 1134 1768 oum
1162 1694 1281 1757 ariris
1313 1694 1431 1776 doctis,

310 1802 365 1887 qui
389 1799 595 1865 delentibus
618 1799 786 1864 Plutarchi
809 1791 1052 1884 scripserunt1),
1075 1821 1140 1864 non
1156 1801 1234 1864 satis
1249 1808 1431 1885 respectum

310 1929 380 1973 esse
403 1908 597 1989 videremus,
626 1909 809 1974 accuratius
832 1909 894 1972 hoc
917 1909 987 1972 loco
1012 1908 1215 1972 tractandum
1240 1929 1310 1972 esse
1333 1930 1432 1993 supra

310 2015 352 2101 (p.
374 2019 413 2080 15
428 2013 491 2100 eq.)
516 2015 664 2080 diximus.
707 1998 901 2080 Plutarchus
926 2015 1049 2079 Sullam
1072 2015 1263 2080 dictatorem
1285 2016 1319 2080 in
1341 2016 1433 2100 pedi·

309 2122 453 2188 cularem
482 2122 630 2186 morbum
660 2123 813 2186 incidisse
837 2129 962 2203 narrat;
1002 2124 1184 2207 catalogum
1209 2121 1298 2187 addit
1320 2144 1433 2188 eorum
1471 2172 1473 2177 -

311 2230 471 2294 clarorum
487 2232 642 2312 virorum,
667 2231 722 2316 qui
742 2236 838 2294 antea
857 2231 972 2294 eodem
987 2231 1134 2295 fabuloso
1151 2232 1263 2294 morbo
1278 2229 1434 2314 perierint

309 2337 448 2401 Acastus
483 2337 620 2401 Alcman
655 2336 859 2422 Pherecydes
899 2336 1111 2402 Callisthenes
1145 2337 1270 2400 Mucius
1304 2336 1432 2417 Eunus3

310 2445 415 2528 capite
442 2465 519 2506 vero
553 2444 638 2528 quod
675 2445 820 2528 sequitur
845 2445 885 2507 37
911 2451 1047 2508 mortem
1081 2445 1190 2508 Sullae
1218 2445 1264 2508 sie
1287 2453 1431 2526 enarrat,

310 2552 403 2636 quasi
440 2550 643 2636 phthiriasim
684 2572 860 2635 numquam
896 2558 1189 2617 commemorasset.
1251 2551 1296 2615 Ut
1331 2551 1431 2636 igitur

310 2658 447 2722 alterum
474 2657 530 2721 illo
561 2657 698 2720 alterum
727 2657 788 2722 hoc
816 2659 886 2723 loco
911 2666 1076 2723 auctorem
1101 2661 1130 2722 ei
1152 2659 1252 2723 fnisse
1276 2659 1433 2743 suspicari

311 2765 481 2844 debemus,
510 2765 555 2828 ita
579 2785 619 2827 ne
643 2764 729 2828 huno
754 2765 885 2850 quidem
909 2788 949 2830 ex
972 2788 1036 2830 uno
1061 2767 1239 2850 eodemque
1262 2765 1351 2830 fonte
1374 2765 1434 2828 llu-

309 2874 394 2937 xisse
428 2878 575 2957 apparet,
612 2872 667 2960 sed
700 2872 775 2936 inde
804 2895 823 2936 a
852 2875 971 2960 verbis
986 2874 1109 2958 λέγεται
1132 2874 1166 2939 δὲ
1189 2883 1250 2939 τῶν
1274 2876 1329 2957 μὲν
1351 2874 1432 2938 πάνυ

310 2978 450 3045 παλαιῶν
473 2980 632 3063 posterior
662 2980 822 3063 quaedam
850 3003 926 3065 pars
950 3003 970 3045 a
992 2983 1099 3066 priore
1121 2983 1236 3066 capitis
1259 2981 1433 3046 dividenda

311 3093 373 3165 est;
409 3087 534 3150 accedit
568 3087 655 3170 quod
686 3087 882 3152 Plutarchus
917 3096 1049 3173 propter
1082 3090 1218 3153 alterum
1252 3095 1431 3167 auctorem,

310 3215 406 3278 quem
424 3202 552 3258 secutus
569 3216 643 3258 mox
659 3201 796 3260 mortem
815 3196 924 3260 Sullae
941 3197 1158 3283 descripturus
1175 3204 1255 3273 erat,
1278 3197 1433 3261 occidisse

311 3323 385 3365 eum
407 3301 586 3386 pediculari
614 3303 726 3366 morbo
751 3304 879 3368 tradere
908 3326 971 3369 non
998 3291 1110 3390 potuit.
1157 3304 1294 3368 Fontem
1317 3304 1433 3388 prioris

310 3407 445 3494 partis2)
469 3410 651 3473 accuratius
675 3415 813 3474 tractare
837 3411 918 3474 nihil
946 3413 986 3475 ad
1015 3433 1099 3490 rem3
1139 3413 1179 3474 ad
1208 3411 1357 3474 servilem
1381 3415 1432 3474 tu-

401 3586 427 3652 l)
448 3587 480 3640 A.
495 3585 528 3640 H.
544 3584 572 3638 L.
588 3584 739 3640 Heeren:
770 3584 806 3639 de
831 3585 903 3640 font.
923 3589 952 3642 et
974 3589 1149 3643 auctoritate
1168 3587 1220 3642 vit.
1234 3585 1337 3656 parall.
1356 3585 1431 3641 Plut.

311 3675 468 3744 Gottingae
489 3677 566 3742 1880,
585 3691 612 3744 p.
630 3676 678 3728 159
689 3689 746 3744 sq.;
772 3673 889 3730 Peter:
910 3675 1029 3742 Quellen
1049 3676 1212 3732 Plutarchs.
1251 3675 1335 3730 Helle
1356 3676 1433 3743 1865,

310 3782 337 3834 p.
351 3769 469 3832 57-613
491 3765 524 3819 ll.
545 3765 683 3819 Busolt:
703 3763 896 3830 Quellenkrit.
910 3765 1062 3834 Beitraege
1081 3783 1103 3820 z.
1119 3766 1221 3822 Gesch.
1235 3765 1262 3820 d.
1276 3780 1365 3820 roem.
1378 3764 1432 3821 Re·

311 3855 525 3910 volutionszcit.
565 3854 614 3910 Jb.
632 3853 707 3909 Phil.
726 3852 890 3921 Paedltl,
911 3856 988 3922 1890,
1012 3857 1065 3909 434
1082 3872 1110 3910 n.
1127 3858 1175 3920 33;
1206 3855 1364 3925 Kuyper:
1395 3854 1433 3910 de

310 3943 442 3999 lontibus
456 3943 607 3999 Plutarchi
621 3945 650 3998 et
663 3943 791 4012 Appiani
804 3943 833 3997 in
849 3945 910 3999 vita
925 3943 1023 3999 Sullae
1037 3945 1208 4000 enarranda.
1245 3944 1321 3999 Dies,
1333 3944 1433 4012 inaug.
1492 3977 1495 3981 -

313 4034 389 4088 1898.
428 4033 468 4088 ef.
488 4034 576 4088 etiam
598 4033 618 4088 Ι.
633 4032 780 4088 Ziehcn:
825 4031 921 4087 Sullas
943 4033 1128 4089 Phthiriasis.
1166 4033 1332 4101 Philol.57‚
1356 4035 1433 4099 1898,

314 4125 462 4180 189-191.

401 4215 427 4277 2)
447 4211 701 4267 Maurenbrecheri
724 4212 868 4282 opinioni,
901 4214 952 4282 qui
979 4212 1119 4269 Posidoni
1137 4214 1276 4270 historias
1297 4211 1434 4282 cognosci

311 4316 397 4372 posse
421 4305 510 4371 negat
534 4302 563 4370 (l.
578 4318 601 4357 c.
616 4301 729 4370 Proleg.
743 4317 770 4371 p.
787 4303 846 4369 17),
878 4303 1053 4372 adstipulari
1080 4305 1265 4371 confitemur,
1297 4301 1433 4372 quamvis
