3367 5184
704 707 924 768 „21-

257 907 325 950 rem
350 885 479 950 Livium
507 884 568 948 hoc
595 889 651 948 aut
675 884 714 947 de
739 905 795 948 suo
830 883 992 947 addidisse
1021 887 1077 945 aut
1104 881 1189 965 apud
1213 886 1377 945 auctorem

258 994 419 1079 quendam
454 992 639 1056 Romanum
674 1011 732 1076 per
771 992 974 1055 occasionem
1004 989 1173 1053 Ennianae
1211 987 1378 1053 seditionis

258 1105 545 1166 commemoratum
569 1099 731 1162 invenisse
754 1099 960 1162 arbitramur.
1007 1095 1135 1160 Certius
1151 1101 1377 1181 argumentum

259 1229 297 1272 ea
335 1209 507 1292 praebent,
547 1227 630 1290 quac
669 1206 709 1269 de
749 1206 956 1270 multitudine
995 1226 1161 1269 servorum
1197 1203 1377 1282 traduntur,

259 1316 465 1399 numerisque
493 1335 569 1379 vere
597 1315 743 1378 nonnihil
772 1314 975 1398 comprobari
1004 1313 1076 1398 quis
1104 1319 1153 1376 est
1176 1312 1254 1397 quin
1278 1310 1377 1375 sciat?

259 1422 445 1487 Secundum
462 1421 642 1486 Diodorum
660 1422 889 1506 quadringenti
905 1443 979 1484 cum
995 1420 1088 1484 Eune
1105 1419 1275 1484 coniurant
1289 1418 1308 1500 ξ
1323 1422 1378 1498 11;

258 1532 286 1594 is
310 1530 421 1594 decem
445 1529 575 1593 milibus
600 1529 654 1592 nbi
677 1533 816 1614 primum
840 1550 950 1613 regem
975 1550 1010 1591 se
1034 1529 1207 1614 appellavit
1227 1527 1377 1612 praefuit,

259 1643 355 1702 antea
371 1658 427 1700 sex
443 1637 573 1700 milibus
589 1634 609 1719 ξ
630 1637 685 1716 16,
707 1637 783 1700 dum
798 1634 899 1702 Oleon
916 1637 1057 1720 quinque
1074 1635 1198 1698 milium
1211 1634 1377 1699 hominum

260 1745 434 1810 exercitum
458 1744 588 1808 interim
613 1744 734 1828 colligit
753 1742 771 1825 ξ
790 1747 845 1822 17;
869 1743 924 1808 sed
941 1743 1092 1828 Hypsaeo
1108 1749 1256 1826 praetore
1274 1742 1379 1805 Roma

260 1859 415 1916 asenatu
446 1851 543 1916 misso
574 1853 669 1916 ambo
702 1853 800 1916 duces
826 1853 892 1915 iam
915 1851 1030 1936 viginti
1058 1851 1188 1915 milibus
1210 1865 1378 1935 praesunt,

219 1971 222 1978 ’
260 1959 435 2044 paulopost
444 1960 582 2023 ducenta
591 1959 744 2039 duxisse§
754 1961 792 2023 18
804 1960 984 2024 traduntur,
998 1958 1379 2043 ApudLiviumdiversos

260 2087 411 2131 numeros
427 2066 526 2131 fuisse
544 2065 704 2133 uidemus:
729 2067 841 2132 Eunus
858 2089 932 2131 cnm
944 2067 1069 2130 duobus
1081 2066 1211 2130 milibus
1224 2066 1379 2143 coniurat,

260 2173 1379 2259 mexrefractisergastulissexagintacogit,Olconseptuagintamilia3

261 2280 337 2344 Piso
356 2283 467 2345 consul
483 2282 651 2347 Mamertio
670 2283 786 2366 oppido
803 2288 989 2366 expugnato
1007 2283 1183 2384 octcpmilia
1198 2281 1380 2360 trucidavit,

260 2390 336 2453 item
366 2389 514 2474 Rupilius
541 2390 656 2472 viginti
683 2389 773 2453 milia
801 2411 874 2452 cum
898 2390 1151 2454 Tauromenium
1174 2396 1206 2453 et
1230 2390 1381 2454 Hennam

260 2497 410 2581 cepisset3
424 2517 521 2581 quam
535 2496 748 2560 differentiam
762 2502 797 2560 ut
809 2497 1027 2581 explanemus,
1038 2497 1380 2581 praeterPosidonium

261 2605 399 2669 alterum
423 2604 545 2668 fontem
579 2603 675 2692 Livio
703 2605 832 2669 fluxisse
863 2610 899 2668 ut
926 2601 1156 2686 coniciamus¹)
1180 2605 1380 2669 adducimur.

351 2712 415 2775 Sed
443 2712 483 2775 dc
512 2712 652 2776 fontibus
684 2733 763 2796 quos
792 2713 826 2776 in
855 2714 958 2796 primo
986 2712 1195 2796 fugitivorum
1219 2715 1302 2778 bello
1326 2737 1384 2780 ex÷

260 2819 409 2902 plicando
445 2819 572 2884 Livium
608 2827 752 2884 secutum
789 2841 859 2884 esse
893 2826 949 2884 aut
981 2821 1100 2884 scimus
1128 2827 1184 2884 aut
1212 2823 1382 2906 opinamur

262 2926 339 2989 satis
363 2927 426 2988 iam
451 2927 639 3005 verborum,
664 2927 705 3002 ad
728 2929 861 2992 alterius
885 2928 1054 2992 historiam
1070 2930 1327 3013 cognoscendam
1350 2926 1381 2993 et

263 3033 397 3098 Orosius
420 3055 478 3097 nos
502 3035 610 3098 deficit
632 3056 737 3119 neque
762 3036 905 3100 subsidio
931 3041 1007 3100 sunt
1031 3038 1202 3121 periochae
1226 3037 1382 3102 Livianae

262 3147 296 3203 et
316 3139 405 3204 Flori
434 3141 602 3224 epitomae,
627 3163 710 3225 quae
735 3163 799 3206 una
821 3141 894 3206 Livi
917 3144 987 3207 loco
1011 3145 1103 3207 nobis
1126 3151 1184 3225 est,
1208 3152 1382 3209 concentus

262 3269 336 3312 cum
361 3245 495 3333 Diodori
524 3249 605 3312 libro
634 3255 723 3312 sexto
748 3256 781 3313 et
803 3250 965 3314 tricesimo
989 3258 1129 3315 statuere
1158 3253 1289 3316 difficile
1316 3259 1381 3331 est3

262 3355 402 3438 primum
433 3355 519 3419 enim
543 3377 581 3419 eo
606 3356 815 3437 offendimur,
853 3358 938 3443 quod
969 3359 1009 3422 de
1040 3359 1222 3424 Athenione
1252 3361 1381 3445 quidem

262 3481 367 3547 pauca
379 3462 495 3528 Florus
518 3471 640 3543 narrat,
659 3464 748 3528 Salvi
764 3465 946 3550 Tryphonis
969 3488 1010 3530 ne
1033 3469 1228 3531 mentionem
1252 3469 1382 3553 quidem

263 3569 355 3648 facit3
380 3569 497 3634 deinde
520 3593 583 3634 non
602 3571 738 3636 Servilio
756 3594 852 3657 quem
869 3573 1009 3656 primum
1026 3576 1179 3654 nominat,
1203 3576 1259 3639 sed
1275 3575 1383 3640 Nerva

264 3684 412 3761 praetore
436 3677 553 3742 bellum
578 3680 647 3762 geri
671 3685 818 3763 coeptum
844 3686 905 3743 est:
930 3684 1001 3744 tum
1028 3703 1067 3762 ,a
1088 3681 1168 3766 Syro
1192 3682 1233 3745 ad
1249 3681 1382 3748 Cilicem

264 3806 333 3849 rem
356 3785 438 3848 isse“
465 3785 668 3850 mirationem
693 3793 815 3866 movet;
851 3793 1012 3871 postremo
1038 3797 1153 3874 „capta
1173 3780 1249 3854 esse
1267 3791 1383 3854 Servili

263 3897 369 3956 castra
392 3899 486 3977 capta
502 3893 648 3957 Luculli“
675 3895 889 3978 suspicionem
906 3897 1010 3976 affert,
1034 3897 1061 3960 si
1077 3896 1231 3962 Lucullus
1248 3898 1382 3962 Servilio

242 4075 244 4080 Ι
264 4001 464 4062 successerit.
475 3998 599 4070 Quibus
608 4001 647 4064 de
660 4001 766 4065 causis
776 4002 931 4066 viridocti
942 4005 1198 4069 iterumFlornm
1209 4006 1383 4090 reprehen-

265 4105 397 4186 derunt,
439 4108 494 4190 qui
517 4107 715 4191 ineptissime
742 4130 851 4173 rerum
876 4111 1021 4176 ordinem
1045 4114 1241 4194 invertisset,
1277 4131 1384 4194 neque

356 4337 382 4401 1)
402 4336 495 4391 Aliter
515 4337 612 4406 Unger
632 4337 781 4394 concludit
800 4339 819 4394 l.
833 4355 857 4395 c.
871 4355 936 4411 pag.
949 4343 992 4396 88.
