3367 5184
635 646 924 726 .-·59-

253 824 348 899 modo
379 823 548 909 Appianas
578 823 711 888 velavit:
742 824 840 890 τῶνδε
872 825 929 909 μὲν
959 823 1072 890 αὐτίκα
1094 823 1312 911 διακληρώσας
1334 825 1378 905 ὡς

252 930 404 1006 πολλάκις
431 930 612 1016 ,ἡττημένων
644 931 694 996 ea
721 930 871 996 θανάτωι,
899 930 991 1017 μέρος
1020 931 1152 998 δέκατον
1184 929 1389 1016 repostae,

253 1030 369 1122 q‘nibus
381 1038 546 1122 explicatis
557 1037 687 1102 Livium
700 1044 829 1108 secutus
841 1038 1098 1114 additamentum
1111 1039 1202 1104 addit
1211 1037 1377 1122 Crassum,

252 1145 343 1212 ouius
378 1152 480 1220 totum
511 1145 687 1210 exereitum
720 1146 896 1229 Spartacus
927 1147 1065 1230 turpiter
1096 1147 1128 1212 in
1157 1146 1271 1231 lugam
1298 1169 1375 1212 oon-

251 1252 386 1331 ieoisset,
412 1273 452 1314 ex
475 1258 546 1316 oete
569 1253 749 1337 legionibus
773 1253 793 1316 i.
811 1273 875 1316 ee
900 1252 1115 1337 qnadraginta
1139 1254 1268 1318 milibus
1290 1254 1376 1318 mili-

251 1367 319 1424 tum
348 1359 509 1423 decimum
539 1381 700 1445 quemque
729 1360 834 1424 securi
863 1360 956 1424 caedi
977 1361 1125 1425 iussisse:
1163 1361 1288 1439 πάντων
1311 1363 1377 1428 δια-

250 1466 417 1552 κληρώσας
447 1468 483 1532 τὸ
513 1466 643 1532 δέκατον
673 1469 727 1532 καὶ
758 1466 879 1531 ἀνελὼν
907 1467 940 1545 ἐς
960 1469 1236 1553 τετρακισχιλίους.
1283 1457 1376 1541 Quae

251 1594 325 1638 oum
352 1573 399 1638 ita
428 1563 501 1653 sint,
530 1573 650 1638 verbis:
691 1574 720 1640 oi
743 1569 770 1640 δ’
793 1575 853 1657 οὐχ
877 1574 959 1639 οὕτω
982 1574 1156 1658 νομίζουσιν
1178 1576 1262 1641 ἀλλὰ
1284 1576 1376 1642 παντὶ

250 1689 306 1746 τῶι
330 1691 463 1766 στρατῶι
487 1729 495 1748 .
520 1725 528 1748 .
554 1727 561 1746 .
586 1682 627 1745 ad
653 1702 870 1766 ,anonymum
893 1681 1035 1747 fontem“
1060 1683 1246 1767 Appianum
1269 1683 1376 1751 redire

251 1789 523 1854 Maurenbreober
556 1790 639 1855 bene
673 1790 846 1869 intellexit3
884 1790 949 1858 sed¹
977 1789 1064 1874 quod
1099 1790 1212 1854 eodem
1243 1796 1377 1856 auctore

251 1895 373 1978 (Livio)
409 1918 510 1982 usque
542 1898 575 1961 in
608 1898 736 1963 tertiam
772 1904 897 1982 partem
929 1897 1130 1982 insequentia
1158 1897 1272 1982 eapitis
1299 1919 1375 1963 eum

250 2025 343 2068 nsum
361 2025 432 2070 esse
448 2005 599 2085 affirmat,
617 2025 674 2072 nos
690 2005 783 2070 aliter
799 2006 919 2069 sentire
937 2004 1144 2084 eonfitemnr3
1163 2004 1375 2089 nequeenim

253 2113 361 2178 verbis
377 2114 490 2198 eapitis
510 2114 572 2178 119
590 2111 618 2178 οἱ
633 2110 661 2178 δ’
675 2115 709 2184 ,ἐν
730 2117 816 2178 ἄστει
832 2107 980 2198 Ῥωμαῖοι
996 2163 1004 2178 .
1022 2162 1058 2187 .,.
1081 2113 1122 2178 ad
1138 2113 1238 2178 alium
1253 2112 1375 2177 fontem

249 2220 495 2286 exscribendum
526 2221 680 2285 transisse
703 2221 873 2305 Appianus
897 2219 1059 2305 putandus
1082 2227 1141 2298 est,
1177 2220 1233 2284 sed
1255 2221 1332 2284 inde
1354 2241 1375 2282 a

250 2328 363 2413 eapitis
382 2331 445 2393 119
461 2329 569 2395 verbis
585 2329 649 2393 his:
674 2328 879 2413 ,neapeasog
894 2321 922 2392 δ’
938 2327 1049 2405 ἱππέας
1065 2348 1168 2412 usque
1184 2327 1227 2390 ad
1241 2326 1374 2391 minime

250 2436 362 2520 capitis
398 2437 461 2500 120
494 2437 595 2502 verba
629 2438 732 2502 ὤσατο
764 2439 857 2502 παντὶ
888 2445 944 2501 τῶι
973 2445 1108 2519 στρατῶι
1139 2435 1191 2499 διὰ
1212 2444 1268 2498 τοῦ
1290 2455 1376 2519 περι·

248 2543 444 2629 τειχίσματος
467 2564 567 2608 unum
583 2543 705 2608 fontem
722 2543 865 2623 subesse,
889 2563 954 2608 non
971 2542 1068 2606 modo
1084 2542 1171 2626 quod
1186 2542 1373 2606 continuam

250 2650 482 2730 narrationem,
519 2651 545 2716 si
581 2651 711 2736 quidem
745 2650 806 2715 hoo
841 2656 1069 2734 argumentum
1104 2648 1250 2733 prolerre
1283 2648 1374 2729 licet,

249 2779 409 2842 nusquam
436 2758 649 2842 interruptam
673 2758 830 2838 videmus,
863 2759 919 2822 sed
952 2758 1050 2822 etiam
1082 2762 1215 2840 propter
1246 2755 1373 2839 equites

248 2863 329 2942 illos,
363 2885 500 2947 quorum
532 2866 623 2928 initio
657 2871 689 2929 et
720 2866 785 2928 fine
817 2865 997 2949 particulae
1030 2885 1050 2927 a
1081 2864 1174 2928 nobis
1204 2868 1374 2947 separatae

249 2971 445 3035 mentionem
466 2971 551 3051 facit,
577 2971 733 3056 suspicari
748 2972 926 3050 maluums3
952 2978 1049 3055 atque
1065 2971 1253 3035 Sallustium
1270 2968 1375 3036 tribue

249 3077 289 3142 de
306 3078 410 3142 causis
427 3078 651 3142 subaudimus:
675 3078 815 3163 primum
832 3078 873 3142 de
889 3079 1035 3162 equitatu
1050 3098 1070 3141 a
1086 3077 1242 3162 Spartaco
1259 3081 1373 3160 parato

249 3205 360 3250 omnes
383 3191 491 3250 tenent
514 3207 623 3250 rerum
647 3186 819 3269 scriptores
843 3191 973 3269 praeter
988 3206 1090 3248 unum
1106 3184 1250 3263 Florum,
1275 3204 1371 3266 quem

249 3292 381 3368 Sallusti
413 3313 476 3356 non
505 3291 578 3358 Liri
607 3292 744 3376 vestigia
771 3313 920 3376 premere
950 3313 1049 3376 supra
1076 3291 1258 3369 effecimns;
1304 3296 1372 3354 tum

247 3400 426 3484 Appianus‚
444 3400 530 3484 quod
546 3400 739 3484 Pompeium
754 3399 909 3483 Magnum
926 3400 1220 3466 senatusconsulto
1237 3398 1373 3462 arcessi·

248 3513 316 3572 tum
340 3527 410 3574 esse
434 3507 545 3587 tradit,
564 3529 649 3572 eum
673 3507 850 3572 Plutarobo
882 3514 915 3572 ot
945 3508 985 3570 de
1017 3507 1089 3592 ipsa
1111 3527 1147 3571 re
1170 3506 1267 3569 etde
1289 3513 1373 3578 tem·

248 3614 380 3698 poribus
410 3615 583 3690 consentit,
622 3635 819 3698 quamquam
848 3614 930 3678 altar
955 3613 1055 3677 altero
1079 3613 1150 3687 loco
1174 3611 1214 3675 de
1236 3611 1373 3695 imperio

248 3719 307 3790 On.
332 3721 467 3806 Pompei
490 3723 632 3800 disserit3
675 3719 830 3786 ¹Crassum
855 3722 959 3801 enim,
993 3721 1142 3804 quamvis
1164 3718 1260 3803 paulo
1286 3724 1370 3797 aute,

247 3835 282 3892 ut
307 3829 479 3915 Pompeius
512 3830 630 3896 auxilio
654 3829 715 3892 sibi
739 3829 930 3906 mitteretur,
955 3827 1039 3890 datis
1062 3827 1103 3890 ad
1126 3832 1235 3911 patres
1256 3825 1374 3890 litteris

246 3934 315 4020 ipse
348 3958 552 4021 summopere
584 3937 787 4016 intendisset,
824 3943 893 4002 tum
926 3955 1000 3999 oum
1024 3936 1146 3999 vallum
1171 3955 1191 3998 a
1214 3933 1370 4018 Spartaco

247 4050 433 4127 superatum
462 4052 560 4126 esset,
599 4045 689 4108 illum
714 4045 778 4108 inm
803 4050 991 4128 exspectare
1015 4043 1156 4106 noluisse
1180 4042 1285 4125 eapite
1309 4062 1371 4104 un·

247 4151 571 4216 decimoPlutarebus
584 4152 676 4236 quasi
689 4151 817 4236 supplet
827 4152 867 4212 iis
880 4171 964 4235 quae
977 4149 1189 4235 praecedunt3
1202 4148 1372 4232 Appianus

247 4258 383 4327 eandem
411 4280 477 4324 rem
507 4260 549 4324 ad
577 4260 683 4344 ipsum
707 4265 835 4342 tempus
858 4265 981 4339 narrat,
1005 4279 1069 4341 quo
1093 4257 1177 4320 hano
1200 4255 1370 4340 epistolam
