3367 5184
782 710 1002 773 ,86-

332 903 447 984 elucet,
471 904 525 988 qui
550 925 623 968 cum
647 904 753 968 hieme
778 925 852 969 ann.
871 902 980 986 72l71
1007 905 1121 969 nivoso
1144 911 1238 970 nocte
1262 906 1453 992 Spartacum

331 1031 389 1094 per
415 1011 537 1075 vallum
568 1010 749 1076 Thurinum
773 1013 957 1097 perrupisse
985 1013 1120 1093 diceret,
1158 1034 1216 1098 per
1239 1013 1321 1078 duos
1352 1035 1454 1078 annos

332 1116 486 1182 Crassum
510 1139 583 1182 cum
607 1121 708 1183 servis
731 1125 931 1204 pugnantem
954 1118 1045 1200 lecit3
1073 1126 1242 1204 praeterea
1264 1121 1350 1206 apud
1374 1141 1454 1185 eun·

330 1227 404 1289 dem
430 1225 640 1291 Plutarchum
664 1227 819 1312 respicias
844 1227 905 1290 hoc
929 1234 1059 1292 senatus
1083 1229 1281 1292 consultum:
1311 1229 1333 1314 ἡ
1355 1228 1452 1313 βουλὴ

331 1335 403 1409 τοὺς
426 1335 480 1418 μὲν
504 1333 639 1411 ὑπάτους
661 1336 738 1420 πρὸς
761 1335 858 1419 ὀργὴν
878 1334 1024 1399 ἐκέλευσε
1039 1332 1171 1420 ἡσυχίαν
1187 1338 1282 1420 ἄγειν,
1306 1335 1454 1421 Κράσσον

332 1439 366 1505 δὲ
397 1451 453 1505 τοῦ
483 1441 622 1526 πολέμου
654 1444 828 1527 στρατηγὸν
856 1442 970 1521 sileam
1008 1442 1212 1526 potissimum
1241 1448 1348 1506 autem
1374 1441 1454 1506 illud

333 1555 576 1634 argumentum,
612 1549 697 1633 quod
727 1548 1002 1614 Maurenbreeher
1028 1555 1141 1613 contra
1162 1550 1245 1614 hano
1269 1550 1454 1634 opinionem

333 1657 495 1741 quondam
519 1657 625 1719 attulit
651 1677 710 1738 ,ex
734 1655 877 1741 Appiani
899 1658 1006 1720 verbis
1029 1657 1163 1720 minime
1187 1657 1331 1721 obscuris
1348 1679 1375 1721 c.
1391 1658 1454 1720 118

331 1764 450 1850 τριέτης
469 1761 496 1828 τ’
515 1763 554 1850 ἠν
573 1763 633 1848 ἤδη
654 1766 707 1828 καὶ
728 1764 858 1850 φοβερὸς
879 1767 982 1840 αὐτοῖς
1002 1763 1019 1826 ὁ
1039 1762 1176 1849 πόλεμος
1196 1765 1273 1828 satis
1294 1785 1455 1849 superque

332 1873 460 1937 elucere
485 1893 569 1936 anno
594 1872 724 1936 demum
748 1875 787 1935 71
813 1870 930 1937 Crasso
954 1874 1126 1958 imperium
1149 1872 1338 1936 mandatum
1362 1870 1452 1935 esse“

333 1981 372 2044 iis
396 1981 501 2044 causis
524 1979 693 2060 refellitur,
717 2000 797 2064 quas
822 2001 880 2045 suo
903 1981 986 2060 loco,
1010 2002 1084 2044 cunr
1104 1981 1145 2044 de
1160 1979 1301 2044 fontibus
1318 1979 1455 2044 dissere·

333 2108 456 2167 remus,
496 2087 693 2171 collegimus.
740 2086 833 2150 Adde
862 2088 948 2171 quod
971 2095 1108 2151 exeunte
1132 2108 1217 2150 anno
1241 2089 1283 2150 72
1308 2087 1456 2151 consules
1485 2120 1489 2128 ·

334 2195 433 2279 copiis
458 2195 523 2258 iam
548 2216 613 2258 nou
635 2200 819 2279 praeerant,
845 2215 925 2279 quoe
948 2193 1124 2258 Novembri
1150 2215 1260 2258 mense
1284 2195 1316 2257 in
1341 2199 1455 2258 senatu

334 2301 476 2366 adfuisse
500 2303 586 2388 apud
600 2301 651 2365 M.
669 2300 815 2366 Tullium
837 2302 920 2366 libro
936 2300 970 2364 Il
987 2303 1020 2366 in
1040 2301 1129 2366 Verr.
1147 2302 1166 2383 ξ
1186 2303 1228 2366 95
1242 2325 1289 2386 sq.
1306 2301 1453 2386 legimus.

336 2411 400 2474 Sed
434 2411 569 2474 comitiis
602 2409 697 2473 huius
731 2411 807 2473 anni
839 2409 1001 2474 Licinium
1031 2408 1183 2474 Orassum
1212 2416 1393 2494 praetorem
1420 2409 1455 2471 in

334 2518 515 2602 proximum
533 2517 736 2600 designatum
754 2538 824 2580 esse
838 2518 987 2602 Appiano
1004 2517 1135 2581 credere
1151 2517 1319 2580 debemus:
1344 2537 1455 2600 προτε-

334 2624 444 2708 θείσης
466 2647 500 2689 τε
523 2635 705 2711 στρατηγῶν
729 2625 834 2691 ἄλλων
850 2625 1039 2711 χειροτονίας
1062 2624 1153 2701 ὄκνος
1168 2625 1291 2709 ἐπεῖχεν
1306 2627 1454 2704 ἅπαντας,

334 2733 388 2796 καὶ
407 2732 625 2817 παρήγγελλεν
646 2732 754 2813 οὐδείς,
779 2732 868 2818 μέχρι
889 2731 1023 2809 Λικίνιος
1042 2731 1214 2817 Κράσσος.
1233 2784 1239 2795 .
1258 2780 1265 2794 .
1290 2731 1455 2809 ἀνεδέξατο

335 2837 567 2925 στρατηγήσειν.

426 2947 489 3011 Sed
523 2948 641 3011 obiciat
674 2947 806 3033 aliquis,
848 2969 912 3032 qua
948 2949 1097 3033 pactione
1125 2948 1185 3011 hoc
1213 2967 1298 3011 anno
1327 2953 1456 3032 praetor
1556 3005 1561 3014 .

335 3061 463 3140 postero
492 3054 604 3118 consul
631 3055 702 3117 lieri
730 3055 891 3138 potuerit?
931 3056 1017 3139 quod
1038 3056 1154 3118 multis
1184 3056 1279 3119 claris
1303 3054 1380 3117 viris
1404 3073 1456 3117 res

335 3163 464 3248 publica
494 3160 641 3226 Romana
674 3163 785 3247 paucis
818 3165 912 3227 annis
945 3166 1058 3228 orbata
1082 3168 1151 3227 erat
1162 3161 1206 3245 ¹),
1246 3183 1309 3246 quo
1333 3161 1454 3225 lactum

335 3276 398 3350 est,
431 3276 467 3333 ut
488 3267 524 3335 (l.
538 3269 657 3334 Verres
680 3275 744 3334 tres
769 3292 870 3334 annos
895 3270 1038 3334 Siciliam
1061 3276 1203 3350 vexaret,
1242 3271 1283 3333 M.
1302 3269 1456 3334 Fonteius

335 3399 392 3463 per
426 3378 598 3448 triennium
636 3377 761 3444 Galliae
796 3379 999 3444 Narbonensi
1022 3385 1199 3464 praeesset,
1235 3377 1272 3441 P.
1301 3377 1456 3441 Servilius

336 3485 592 3570 quinquennium
616 3487 790 3550 exercitum
815 3486 958 3566 haberet,
983 3486 1021 3558 Q.
1039 3485 1199 3551 Caecilius
1215 3485 1362 3548 Metellus
1377 3484 1457 3547 Pius

336 3595 376 3659 ab
401 3615 485 3657 anno
502 3596 520 3656 7
525 3594 543 3652 9
562 3615 663 3677 usque
687 3594 726 3657 ad
751 3615 824 3657 euin
849 3595 889 3657 de
913 3617 976 3679 quo
1000 3596 1108 3679 agitur
1129 3595 1162 3658 in
1179 3593 1339 3677 Hispania
1362 3599 1455 3671 esset,

336 3703 478 3784 itemque
501 3699 676 3785 Pompeius
700 3703 740 3765 ab
765 3723 850 3766 anno
874 3705 932 3782 763
968 3703 1114 3787 exempla
1138 3722 1273 3785 augere,
1303 3699 1457 3763 Lucullos

430 3914 455 3980 l)
476 3914 516 3970 Cf.
531 3914 588 3970 Cic.
601 3915 632 3969 in
647 3913 727 3969 Verr.
741 3917 796 3970 act.
811 3914 835 3968 11
855 3915 906 3969 lib.
920 3919 936 3968 5
951 3914 965 3980 ξ
980 3916 1008 3968 2:
1049 3912 1138 3981 ,Belli
1161 3912 1300 3983 pericula,
1324 3915 1457 3981 tempora

337 4004 379 4060 rei
399 4003 544 4072 publicae,
563 4004 772 4073 imperatorum
793 4003 947 4072 penuriam
967 4001 1237 4069 commemorabit“;
1263 4017 1316 4071 pro
1337 3999 1457 4057 Fonteio

337 4093 404 4158 §42
426 4091 518 4159 „Quid
552 4108 629 4147 nuno
661 4091 744 4147 vobis
770 4091 940 4147 faciendum
970 4095 1014 4148 est
1038 4091 1145 4147 studiis
1173 4091 1350 4147 militaribus
1378 4090 1457 4160 apud

338 4183 522 4237 iuventutem
554 4181 706 4249 obsoletiS,
741 4181 911 4237 fortissimis
945 4184 1044 4237 autem
1070 4181 1242 4238 hominibus
1271 4196 1306 4236 ac
1334 4181 1457 4236 summis

338 4269 463 4326 ducibus
486 4271 594 4340 partim
618 4273 714 4326 aetate
739 4271 845 4340 partim
870 4271 1000 4327 civitatis
1024 4271 1182 4326 discordiis
1205 4287 1239 4326 sc
1259 4272 1301 4325 rei
1321 4269 1457 4340 publicae

338 4361 505 4415 calamitate
524 4361 704 4429 consumptis
724 4405 730 4416 .
751 4403 757 4416 .
777 4361 800 4415 .“
817 4361 860 4416 ib.
876 4361 890 4428 ξ
904 4365 936 4416 41
954 4362 1126 4428 „continuae
1145 4360 1326 4431 praeturae“.
