<?xml version="1.0" encoding="UTF-8"?>
<!DOCTYPE html PUBLIC "-//W3C//DTD XHTML 1.0 Transitional//EN"
    "http://www.w3.org/TR/xhtml1/DTD/xhtml1-transitional.dtd">
<html xmlns="http://www.w3.org/1999/xhtml" xml:lang="en" lang="en">
 <head>
  <title>
</title>
<meta http-equiv="Content-Type" content="text/html;charset=utf-8" />
  <meta name='ocr-system' content='tesseract 3.04.00' />
  <meta name='ocr-capabilities' content='ocr_page ocr_carea ocr_par ocr_line ocrx_word'/>
</head>
<body>
  <div class='ocr_page' id='page_1' title='image "./deromanorvmbell00rathgoog_0063.png"; bbox 0 0 3367 5184; ppageno 0'>
   <div class='ocr_carea' id='block_1_1' title="bbox 705 666 926 729">
    <p class='ocr_par' dir='ltr' id='par_1_1' title="bbox 705 666 926 729">
     <span class='ocr_line' id='line_1_1' title="bbox 705 666 926 729; baseline 0 -21"><span class='ocrx_word' id='word_1_1' title='bbox 705 666 926 729; x_wconf 61' lang='lat'>„57-</span> 
     </span>
    </p>
   </div>
   <div class='ocr_carea' id='block_1_2' title="bbox 252 841 1383 2008">
    <p class='ocr_par' dir='ltr' id='par_1_2' title="bbox 252 841 1383 2008">
     <span class='ocr_line' id='line_1_2' title="bbox 253 841 1382 936; baseline -0.001 -26"><span class='ocrx_word' id='word_1_2' title='bbox 253 867 316 932; x_wconf 77' lang='lat' dir='ltr'>pro</span> <span class='ocrx_word' id='word_1_3' title='bbox 341 843 426 926; x_wconf 87' lang='lat' dir='ltr'>Gelli</span> <span class='ocrx_word' id='word_1_4' title='bbox 450 843 590 936; x_wconf 83' lang='lat' dir='ltr'>consulis</span> <span class='ocrx_word' id='word_1_5' title='bbox 606 841 823 923; x_wconf 79' lang='lat' dir='ltr'>exhibentem,</span> <span class='ocrx_word' id='word_1_6' title='bbox 840 864 861 923; x_wconf 87' lang='lat' dir='ltr'>e</span> <span class='ocrx_word' id='word_1_7' title='bbox 875 842 1028 907; x_wconf 79' lang='lat' dir='ltr'>Sallustio</span> <span class='ocrx_word' id='word_1_8' title='bbox 1045 865 1086 907; x_wconf 87' lang='lat' dir='ltr'>an</span> <span class='ocrx_word' id='word_1_9' title='bbox 1103 843 1196 910; x_wconf 89' lang='lat' dir='ltr'>Livio</span> <span class='ocrx_word' id='word_1_10' title='bbox 1212 844 1382 929; x_wconf 87' lang='lat' dir='ltr'>Appiauus</span> 
     </span>
     <span class='ocr_line' id='line_1_3' title="bbox 257 943 1382 1035; baseline -0.001 -17"><span class='ocrx_word' id='word_1_11' title='bbox 257 954 412 1033; x_wconf 82' lang='lat' dir='ltr'>hauserit,</span> <span class='ocrx_word' id='word_1_12' title='bbox 447 951 679 1032; x_wconf 88' lang='lat' dir='ltr'>dubitaremus,</span> <span class='ocrx_word' id='word_1_13' title='bbox 714 951 777 1014; x_wconf 91' lang='lat' dir='ltr'>nisi</span> <span class='ocrx_word' id='word_1_14' title='bbox 800 943 915 1035; x_wconf 86' lang='lat' dir='ltr'>viginti</span> <span class='ocrx_word' id='word_1_15' title='bbox 938 951 1028 1015; x_wconf 90' lang='lat' dir='ltr'>milia</span> <span class='ocrx_word' id='word_1_16' title='bbox 1061 973 1079 1014; x_wconf 91' lang='lat' dir='ltr'>e</span> <span class='ocrx_word' id='word_1_17' title='bbox 1112 951 1200 1016; x_wconf 81' lang='lat' dir='ltr'>Orixi</span> <span class='ocrx_word' id='word_1_18' title='bbox 1233 953 1382 1018; x_wconf 87' lang='lat' dir='ltr'>manibus</span> 
     </span>
     <span class='ocr_line' id='line_1_4' title="bbox 257 1057 1383 1145; baseline -0.002 -19"><span class='ocrx_word' id='word_1_19' title='bbox 257 1061 413 1126; x_wconf 83' lang='lat' dir='ltr'>occidisse</span> <span class='ocrx_word' id='word_1_20' title='bbox 459 1079 533 1123; x_wconf 90' lang='lat' dir='ltr'>cum</span> <span class='ocrx_word' id='word_1_21' title='bbox 579 1057 671 1122; x_wconf 82' lang='lat' dir='ltr'>Livio</span> <span class='ocrx_word' id='word_1_22' title='bbox 718 1058 934 1122; x_wconf 89' lang='lat' dir='ltr'>consentiret:</span> <span class='ocrx_word' id='word_1_23' title='bbox 987 1059 1160 1144; x_wconf 60' lang='lat' dir='ltr'>epotata</span> <span class='ocrx_word' id='word_1_24' title='bbox 1204 1060 1383 1145; x_wconf 78' lang='grc' dir='ltr'><strong>τριςμυρίων</strong></span> 
     </span>
     <span class='ocr_line' id='line_1_5' title="bbox 256 1165 1382 1254; baseline -0.002 -21"><span class='ocrx_word' id='word_1_25' title='bbox 256 1168 378 1254; x_wconf 79' lang='grc' dir='ltr'>ἀνδρῶν</span> <span class='ocrx_word' id='word_1_26' title='bbox 399 1213 415 1240; x_wconf 74' lang='lat'>÷·</span> <span class='ocrx_word' id='word_1_27' title='bbox 525 1166 581 1231; x_wconf 81' lang='grc' dir='ltr'>δύο</span> <span class='ocrx_word' id='word_1_28' title='bbox 616 1165 692 1250; x_wconf 76' lang='grc' dir='ltr'><strong>μέρη</strong></span> <span class='ocrx_word' id='word_1_29' title='bbox 717 1211 726 1227; x_wconf 85' lang='grc'><strong>.</strong></span> <span class='ocrx_word' id='word_1_30' title='bbox 748 1211 759 1226; x_wconf 54' lang='lat' dir='ltr'>t</span> <span class='ocrx_word' id='word_1_31' title='bbox 778 1213 793 1229; x_wconf 91' lang='lat'>..</span> <span class='ocrx_word' id='word_1_32' title='bbox 828 1165 988 1245; x_wconf 62' lang='lat' dir='ltr'>&amp;adicem</span> <span class='ocrx_word' id='word_1_33' title='bbox 1034 1187 1140 1250; x_wconf 88' lang='lat' dir='ltr'>neque</span> <span class='ocrx_word' id='word_1_34' title='bbox 1175 1168 1262 1230; x_wconf 90' lang='lat' dir='ltr'>enim</span> <span class='ocrx_word' id='word_1_35' title='bbox 1296 1168 1382 1252; x_wconf 90' lang='lat' dir='ltr'>qnod</span> 
     </span>
     <span class='ocr_line' id='line_1_6' title="bbox 255 1273 1381 1362; baseline -0.001 -22"><span class='ocrx_word' id='word_1_36' title='bbox 255 1274 399 1362; x_wconf 67' lang='lat' dir='ltr'>Sellium</span> <span class='ocrx_word' id='word_1_37' title='bbox 423 1273 591 1338; x_wconf 86' lang='lat' dir='ltr'>brevitatis</span> <span class='ocrx_word' id='word_1_38' title='bbox 608 1294 714 1353; x_wconf 90' lang='lat' dir='ltr'>causa,</span> <span class='ocrx_word' id='word_1_39' title='bbox 739 1273 823 1336; x_wconf 85' lang='lat' dir='ltr'>sicut</span> <span class='ocrx_word' id='word_1_40' title='bbox 838 1273 1024 1357; x_wconf 79' lang='lat' dir='ltr'>ceteroquin</span> <span class='ocrx_word' id='word_1_41' title='bbox 1041 1273 1186 1352; x_wconf 84' lang='lat' dir='ltr'>Orosius,</span> <span class='ocrx_word' id='word_1_42' title='bbox 1210 1296 1269 1359; x_wconf 94' lang='lat' dir='ltr'>pro</span> <span class='ocrx_word' id='word_1_43' title='bbox 1285 1274 1381 1339; x_wconf 92' lang='lat' dir='ltr'>Arrio</span> 
     </span>
     <span class='ocr_line' id='line_1_7' title="bbox 256 1379 1382 1465; baseline -0.001 -18"><span class='ocrx_word' id='word_1_44' title='bbox 256 1383 418 1462; x_wconf 87' lang='lat' dir='ltr'>nominat,</span> <span class='ocrx_word' id='word_1_45' title='bbox 457 1380 647 1446; x_wconf 84' lang='lat' dir='ltr'>Sallustium</span> <span class='ocrx_word' id='word_1_46' title='bbox 686 1379 860 1444; x_wconf 85' lang='lat' dir='ltr'>subaudire</span> <span class='ocrx_word' id='word_1_47' title='bbox 900 1400 1030 1444; x_wconf 89' lang='lat' dir='ltr'>necesse</span> <span class='ocrx_word' id='word_1_48' title='bbox 1065 1386 1123 1444; x_wconf 86' lang='lat' dir='ltr'>est.</span> <span class='ocrx_word' id='word_1_49' title='bbox 1171 1381 1382 1465; x_wconf 80' lang='lat' dir='ltr'>Aliquantum</span> 
     </span>
     <span class='ocr_line' id='line_1_8' title="bbox 256 1487 1381 1574; baseline -0.001 -20"><span class='ocrx_word' id='word_1_50' title='bbox 256 1497 367 1554; x_wconf 88' lang='lat' dir='ltr'>autern</span> <span class='ocrx_word' id='word_1_51' title='bbox 396 1488 595 1553; x_wconf 84' lang='lat' dir='ltr'>difficultatis</span> <span class='ocrx_word' id='word_1_52' title='bbox 625 1488 749 1551; x_wconf 81' lang='lat' dir='ltr'>exsistit</span> <span class='ocrx_word' id='word_1_53' title='bbox 778 1507 851 1550; x_wconf 84' lang='lat' dir='ltr'>enm</span> <span class='ocrx_word' id='word_1_54' title='bbox 876 1487 916 1564; x_wconf 87' lang='lat' dir='ltr'>de</span> <span class='ocrx_word' id='word_1_55' title='bbox 938 1487 1052 1551; x_wconf 84' lang='lat' dir='ltr'>thuere</span> <span class='ocrx_word' id='word_1_56' title='bbox 1076 1487 1165 1552; x_wconf 79' lang='lat' dir='ltr'>Orixi</span> <span class='ocrx_word' id='word_1_57' title='bbox 1188 1510 1260 1552; x_wconf 88' lang='lat' dir='ltr'>earn</span> <span class='ocrx_word' id='word_1_58' title='bbox 1284 1511 1381 1574; x_wconf 89' lang='lat' dir='ltr'>quarn</span> 
     </span>
     <span class='ocr_line' id='line_1_9' title="bbox 257 1595 1380 1682; baseline -0.003 -20"><span class='ocrx_word' id='word_1_59' title='bbox 257 1605 357 1682; x_wconf 80' lang='lat' dir='ltr'>snpra</span> <span class='ocrx_word' id='word_1_60' title='bbox 377 1617 466 1672; x_wconf 74' lang='lat' dir='ltr'>&#39;curn</span> <span class='ocrx_word' id='word_1_61' title='bbox 508 1595 660 1660; x_wconf 84' lang='lat' dir='ltr'>Sallustio</span> <span class='ocrx_word' id='word_1_62' title='bbox 679 1658 682 1662; x_wconf 83' lang='grc'><em>,</em></span> <span class='ocrx_word' id='word_1_63' title='bbox 700 1595 883 1660; x_wconf 87' lang='lat' dir='ltr'>consentire</span> <span class='ocrx_word' id='word_1_64' title='bbox 918 1596 1128 1679; x_wconf 85' lang='lat' dir='ltr'>cognovimus</span> <span class='ocrx_word' id='word_1_65' title='bbox 1163 1598 1380 1673; x_wconf 83' lang='lat' dir='ltr'>narrationem</span> 
     </span>
     <span class='ocr_line' id='line_1_10' title="bbox 261 1703 1383 1793; baseline 0 -24"><span class='ocrx_word' id='word_1_66' title='bbox 261 1706 430 1793; x_wconf 80' lang='lat' dir='ltr'>Appianas</span> <span class='ocrx_word' id='word_1_67' title='bbox 452 1703 631 1784; x_wconf 84' lang='lat' dir='ltr'>tradiderit,</span> <span class='ocrx_word' id='word_1_68' title='bbox 656 1704 712 1767; x_wconf 90' lang='lat' dir='ltr'>sed</span> <span class='ocrx_word' id='word_1_69' title='bbox 736 1710 860 1767; x_wconf 88' lang='lat' dir='ltr'>certum</span> <span class='ocrx_word' id='word_1_70' title='bbox 884 1704 1023 1788; x_wconf 85' lang='lat' dir='ltr'>insuper</span> <span class='ocrx_word' id='word_1_71' title='bbox 1038 1703 1198 1768; x_wconf 86' lang='lat' dir='ltr'>addiderit</span> <span class='ocrx_word' id='word_1_72' title='bbox 1212 1727 1383 1770; x_wconf 86' lang='lat' dir='ltr'>numerum</span> 
     </span>
     <span class='ocr_line' id='line_1_11' title="bbox 258 1798 1383 1896; baseline -0.001 -19"><span class='ocrx_word' id='word_1_73' title='bbox 258 1798 475 1877; x_wconf 83' lang='lat' dir='ltr'>trecentorum</span> <span class='ocrx_word' id='word_1_74' title='bbox 494 1812 705 1895; x_wconf 88' lang='lat' dir='ltr'>captivorum,</span> <span class='ocrx_word' id='word_1_75' title='bbox 722 1833 802 1896; x_wconf 90' lang='lat' dir='ltr'>quos</span> <span class='ocrx_word' id='word_1_76' title='bbox 825 1811 973 1875; x_wconf 88' lang='lat' dir='ltr'>manibus</span> <span class='ocrx_word' id='word_1_77' title='bbox 990 1809 1079 1875; x_wconf 82' lang='lat' dir='ltr'>Orixi</span> <span class='ocrx_word' id='word_1_78' title='bbox 1095 1812 1269 1896; x_wconf 89' lang='lat' dir='ltr'>Spartacus</span> <span class='ocrx_word' id='word_1_79' title='bbox 1285 1814 1383 1876; x_wconf 90' lang='lat' dir='ltr'>sacri-</span> 
     </span>
     <span class='ocr_line' id='line_1_12' title="bbox 252 1906 1316 2008; baseline -0.002 -25"><span class='ocrx_word' id='word_1_80' title='bbox 252 1917 426 2002; x_wconf 74' lang='lat' dir='ltr'>ficassetl),</span> <span class='ocrx_word' id='word_1_81' title='bbox 451 1919 550 1983; x_wconf 89' lang='lat' dir='ltr'>veluti</span> <span class='ocrx_word' id='word_1_82' title='bbox 571 1917 688 2008; x_wconf 20' lang='lat' dir='ltr'>&#39;Livius</span> <span class='ocrx_word' id='word_1_83' title='bbox 711 1917 965 2003; x_wconf 85' lang='lat' dir='ltr'>quadringentos</span> <span class='ocrx_word' id='word_1_84' title='bbox 979 1917 1126 2000; x_wconf 51' lang='lat' dir='ltr'>*habet.2)</span> <span class='ocrx_word' id='word_1_85' title='bbox 1166 1968 1169 1972; x_wconf 83' lang='lat'>.</span> <span class='ocrx_word' id='word_1_86' title='bbox 1314 1906 1316 1909; x_wconf 31' lang='lat'>⁵</span> 
     </span>
    </p>
   </div>
   <div class='ocr_carea' id='block_1_3' title="bbox 254 2045 1383 2452">
    <p class='ocr_par' dir='ltr' id='par_1_3' title="bbox 254 2045 1383 2452">
     <span class='ocr_line' id='line_1_13' title="bbox 272 2045 1382 2129; baseline -0.004 -19"><span class='ocrx_word' id='word_1_87' title='bbox 272 2093 274 2100; x_wconf 73' lang='grc'>.</span> <span class='ocrx_word' id='word_1_88' title='bbox 348 2045 494 2110; x_wconf 83' lang='lat' dir='ltr'>llxeuute</span> <span class='ocrx_word' id='word_1_89' title='bbox 529 2045 681 2129; x_wconf 84' lang='lat' dir='ltr'>deinceps</span> <span class='ocrx_word' id='word_1_90' title='bbox 720 2046 824 2129; x_wconf 87' lang='lat' dir='ltr'>cupite</span> <span class='ocrx_word' id='word_1_91' title='bbox 863 2045 970 2108; x_wconf 90' lang='lat' dir='ltr'>denuo</span> <span class='ocrx_word' id='word_1_92' title='bbox 1008 2045 1247 2128; x_wconf 82' lang='lat' dir='ltr'>neglegentiam</span> <span class='ocrx_word' id='word_1_93' title='bbox 1282 2045 1382 2124; x_wconf 88' lang='lat' dir='ltr'>illam,</span> 
     </span>
     <span class='ocr_line' id='line_1_14' title="bbox 256 2151 1383 2238; baseline -0.002 -21"><span class='ocrx_word' id='word_1_94' title='bbox 256 2173 357 2238; x_wconf 89' lang='lat' dir='ltr'>quam</span> <span class='ocrx_word' id='word_1_95' title='bbox 390 2152 662 2216; x_wconf 88' lang='lat' dir='ltr'>Maurenbrecher</span> <span class='ocrx_word' id='word_1_96' title='bbox 695 2153 728 2215; x_wconf 92' lang='lat' dir='ltr'>in</span> <span class='ocrx_word' id='word_1_97' title='bbox 764 2152 934 2237; x_wconf 89' lang='lat' dir='ltr'>,Appiano</span> <span class='ocrx_word' id='word_1_98' title='bbox 966 2151 1102 2215; x_wconf 92' lang='lat' dir='ltr'>latinum</span> <span class='ocrx_word' id='word_1_99' title='bbox 1135 2159 1298 2215; x_wconf 83' lang='lat' dir='ltr'>auctorem</span> <span class='ocrx_word' id='word_1_100' title='bbox 1327 2173 1383 2215; x_wconf 84' lang='lat' dir='ltr'>ex·</span> 
     </span>
     <span class='ocr_line' id='line_1_15' title="bbox 256 2241 1383 2346; baseline -0.001 -21"><span class='ocrx_word' id='word_1_101' title='bbox 256 2259 430 2346; x_wconf 87' lang='lat' dir='ltr'>cerpente“</span> <span class='ocrx_word' id='word_1_102' title='bbox 466 2260 594 2345; x_wconf 89' lang='lat' dir='ltr'>saepius</span> <span class='ocrx_word' id='word_1_103' title='bbox 623 2241 842 2344; x_wconf 84' lang='lat' dir='ltr'>reprehendit,</span> <span class='ocrx_word' id='word_1_104' title='bbox 871 2280 1067 2342; x_wconf 84' lang='lat' dir='ltr'>cognoscere</span> <span class='ocrx_word' id='word_1_105' title='bbox 1094 2259 1184 2339; x_wconf 87' lang='lat' dir='ltr'>licet,</span> <span class='ocrx_word' id='word_1_106' title='bbox 1223 2260 1279 2344; x_wconf 91' lang='lat' dir='ltr'>qui</span> <span class='ocrx_word' id='word_1_107' title='bbox 1306 2265 1383 2324; x_wconf 91' lang='lat' dir='ltr'>tunc</span> 
     </span>
     <span class='ocr_line' id='line_1_16' title="bbox 254 2365 1383 2452; baseline -0.003 -20"><span class='ocrx_word' id='word_1_108' title='bbox 254 2368 390 2432; x_wconf 84' lang='lat' dir='ltr'>servitia</span> <span class='ocrx_word' id='word_1_109' title='bbox 413 2388 528 2451; x_wconf 88' lang='lat' dir='ltr'>agrum</span> <span class='ocrx_word' id='word_1_110' title='bbox 552 2365 732 2430; x_wconf 83' lang='lat' dir='ltr'>Thurinum</span> <span class='ocrx_word' id='word_1_111' title='bbox 749 2365 926 2430; x_wconf 87' lang='lat' dir='ltr'>vastavisse</span> <span class='ocrx_word' id='word_1_112' title='bbox 947 2372 1195 2446; x_wconf 83' lang='lat' dir='ltr'>commemorat3</span> <span class='ocrx_word' id='word_1_113' title='bbox 1219 2388 1294 2430; x_wconf 88' lang='lat' dir='ltr'>narn</span> <span class='ocrx_word' id='word_1_114' title='bbox 1311 2369 1383 2452; x_wconf 89' lang='lat' dir='ltr'>quis</span> 
     </span>
    </p>
   </div>
   <div class='ocr_carea' id='block_1_4' title="bbox 137 2471 1383 2560">
    <p class='ocr_par' dir='ltr' id='par_1_4' title="bbox 137 2471 1383 2560">
     <span class='ocr_line' id='line_1_17' title="bbox 137 2471 1383 2560; baseline -0.002 -20"><span class='ocrx_word' id='word_1_115' title='bbox 137 2527 156 2550; x_wconf 23' lang='grc' dir='ltr'>Χ.</span> <span class='ocrx_word' id='word_1_116' title='bbox 254 2482 317 2558; x_wconf 87' lang='lat' dir='ltr'>est,</span> <span class='ocrx_word' id='word_1_117' title='bbox 335 2475 389 2560; x_wconf 91' lang='lat' dir='ltr'>qui</span> <span class='ocrx_word' id='word_1_118' title='bbox 406 2495 470 2538; x_wconf 92' lang='lat' dir='ltr'>uuo</span> <span class='ocrx_word' id='word_1_119' title='bbox 487 2474 665 2559; x_wconf 90' lang='lat' dir='ltr'>eodemque</span> <span class='ocrx_word' id='word_1_120' title='bbox 682 2471 766 2537; x_wconf 89' lang='lat' dir='ltr'>anno</span> <span class='ocrx_word' id='word_1_121' title='bbox 784 2472 960 2537; x_wconf 79' lang='lat' dir='ltr'>Consentia</span> <span class='ocrx_word' id='word_1_122' title='bbox 976 2479 1008 2536; x_wconf 88' lang='lat' dir='ltr'>et</span> <span class='ocrx_word' id='word_1_123' title='bbox 1023 2473 1209 2557; x_wconf 89' lang='lat' dir='ltr'>Metaponto</span> <span class='ocrx_word' id='word_1_124' title='bbox 1224 2475 1256 2537; x_wconf 93' lang='lat' dir='ltr'>in</span> <span class='ocrx_word' id='word_1_125' title='bbox 1273 2474 1383 2559; x_wconf 84' lang='lat' dir='ltr'>Apen-</span> 
     </span>
    </p>
   </div>
   <div class='ocr_carea' id='block_1_5' title="bbox 180 2579 1384 3739">
    <p class='ocr_par' dir='ltr' id='par_1_5' title="bbox 180 2579 1384 3739">
     <span class='ocr_line' id='line_1_18' title="bbox 259 2579 1382 2664; baseline -0.003 -16"><span class='ocrx_word' id='word_1_126' title='bbox 259 2585 372 2648; x_wconf 89' lang='lat' dir='ltr'>ninum</span> <span class='ocrx_word' id='word_1_127' title='bbox 396 2587 554 2660; x_wconf 91' lang='lat' dir='ltr'>montem,</span> <span class='ocrx_word' id='word_1_128' title='bbox 596 2581 651 2644; x_wconf 92' lang='lat' dir='ltr'>ubi</span> <span class='ocrx_word' id='word_1_129' title='bbox 680 2579 856 2644; x_wconf 91' lang='lat' dir='ltr'>Lentulum</span> <span class='ocrx_word' id='word_1_130' title='bbox 870 2580 1025 2664; x_wconf 76' lang='lat' dir='ltr'>ingerit,</span> <span class='ocrx_word' id='word_1_131' title='bbox 1065 2586 1133 2644; x_wconf 88' lang='lat' dir='ltr'>tum</span> <span class='ocrx_word' id='word_1_132' title='bbox 1165 2581 1197 2644; x_wconf 93' lang='lat' dir='ltr'>in</span> <span class='ocrx_word' id='word_1_133' title='bbox 1231 2580 1382 2664; x_wconf 84' lang='lat' dir='ltr'>Galliam,</span> 
     </span>
     <span class='ocr_line' id='line_1_19' title="bbox 253 2687 1383 2774; baseline -0.002 -21"><span class='ocrx_word' id='word_1_134' title='bbox 253 2690 413 2774; x_wconf 87' lang='lat' dir='ltr'>deinceps</span> <span class='ocrx_word' id='word_1_135' title='bbox 437 2687 576 2753; x_wconf 82' lang='lat' dir='ltr'>Thurios</span> <span class='ocrx_word' id='word_1_136' title='bbox 594 2687 785 2772; x_wconf 82' lang='lat' dir='ltr'>Spartacum</span> <span class='ocrx_word' id='word_1_137' title='bbox 809 2688 985 2751; x_wconf 88' lang='lat' dir='ltr'>exercitum</span> <span class='ocrx_word' id='word_1_138' title='bbox 1008 2688 1138 2752; x_wconf 86' lang='lat' dir='ltr'>duxisse</span> <span class='ocrx_word' id='word_1_139' title='bbox 1154 2689 1273 2768; x_wconf 86' lang='lat' dir='ltr'>credat,</span> <span class='ocrx_word' id='word_1_140' title='bbox 1298 2689 1383 2752; x_wconf 91' lang='lat' dir='ltr'>unde</span> 
     </span>
     <span class='ocr_line' id='line_1_20' title="bbox 180 2795 1383 2880; baseline -0.003 -18"><span class='ocrx_word' id='word_1_141' title='bbox 180 2804 183 2807; x_wconf 75' lang='grc'><strong>’</strong></span> <span class='ocrx_word' id='word_1_142' title='bbox 253 2799 379 2862; x_wconf 87' lang='lat' dir='ltr'>iterum</span> <span class='ocrx_word' id='word_1_143' title='bbox 395 2798 428 2860; x_wconf 90' lang='lat' dir='ltr'>in</span> <span class='ocrx_word' id='word_1_144' title='bbox 445 2796 600 2860; x_wconf 90' lang='lat' dir='ltr'>Picenum</span> <span class='ocrx_word' id='word_1_145' title='bbox 617 2796 780 2880; x_wconf 87' lang='lat' dir='ltr'>profectus</span> <span class='ocrx_word' id='word_1_146' title='bbox 796 2795 988 2859; x_wconf 87' lang='lat' dir='ltr'>Mummium</span> <span class='ocrx_word' id='word_1_147' title='bbox 1004 2797 1179 2880; x_wconf 87' lang='lat' dir='ltr'>superavit,</span> <span class='ocrx_word' id='word_1_148' title='bbox 1203 2802 1240 2858; x_wconf 91' lang='lat' dir='ltr'>nt</span> <span class='ocrx_word' id='word_1_149' title='bbox 1254 2795 1383 2859; x_wconf 87' lang='lat' dir='ltr'>Plutar-</span> 
     </span>
     <span class='ocr_line' id='line_1_21' title="bbox 254 2902 1383 2988; baseline -0.003 -19"><span class='ocrx_word' id='word_1_150' title='bbox 254 2905 340 2969; x_wconf 83' lang='lat' dir='ltr'>chus</span> <span class='ocrx_word' id='word_1_151' title='bbox 369 2903 482 2982; x_wconf 84' lang='lat' dir='ltr'>refert3</span> <span class='ocrx_word' id='word_1_152' title='bbox 514 2910 676 2988; x_wconf 87' lang='lat' dir='ltr'>postremo</span> <span class='ocrx_word' id='word_1_153' title='bbox 700 2902 797 2965; x_wconf 84' lang='lat' dir='ltr'>etiarn</span> <span class='ocrx_word' id='word_1_154' title='bbox 821 2904 855 2965; x_wconf 92' lang='lat' dir='ltr'>in</span> <span class='ocrx_word' id='word_1_155' title='bbox 879 2903 1039 2965; x_wconf 90' lang='lat' dir='ltr'>Bruttium</span> <span class='ocrx_word' id='word_1_156' title='bbox 1064 2902 1142 2987; x_wconf 85' lang='lat' dir='ltr'>fuga</span> <span class='ocrx_word' id='word_1_157' title='bbox 1165 2903 1253 2967; x_wconf 84' lang='lat' dir='ltr'>facta</span> <span class='ocrx_word' id='word_1_158' title='bbox 1276 2903 1383 2967; x_wconf 86' lang='lat' dir='ltr'>hieme</span> 
     </span>
     <span class='ocr_line' id='line_1_22' title="bbox 261 3007 1383 3095; baseline -0.003 -19"><span class='ocrx_word' id='word_1_159' title='bbox 261 3013 338 3076; x_wconf 90' lang='lat' dir='ltr'>anni</span> <span class='ocrx_word' id='word_1_160' title='bbox 366 3013 407 3074; x_wconf 77' lang='lat'>72</span> <span class='ocrx_word' id='word_1_161' title='bbox 437 3033 456 3073; x_wconf 91' lang='lat' dir='ltr'>a</span> <span class='ocrx_word' id='word_1_162' title='bbox 485 3007 603 3074; x_wconf 82' lang='lat' dir='ltr'>Crasso</span> <span class='ocrx_word' id='word_1_163' title='bbox 630 3010 773 3074; x_wconf 89' lang='lat' dir='ltr'>inclusus</span> <span class='ocrx_word' id='word_1_164' title='bbox 802 3009 870 3072; x_wconf 86' lang='lat' dir='ltr'>est?</span> <span class='ocrx_word' id='word_1_165' title='bbox 910 3011 1009 3074; x_wconf 91' lang='lat' dir='ltr'>immo</span> <span class='ocrx_word' id='word_1_166' title='bbox 1040 3012 1148 3095; x_wconf 91' lang='lat' dir='ltr'>priore</span> <span class='ocrx_word' id='word_1_167' title='bbox 1180 3033 1265 3074; x_wconf 88' lang='lat' dir='ltr'>anuo</span> <span class='ocrx_word' id='word_1_168' title='bbox 1296 3017 1383 3095; x_wconf 91' lang='lat' dir='ltr'>post-</span> 
     </span>
     <span class='ocr_line' id='line_1_23' title="bbox 246 3117 1382 3203; baseline -0.002 -21"><span class='ocrx_word' id='word_1_169' title='bbox 246 3140 358 3203; x_wconf 79' lang='lat' dir='ltr'>·qnam</span> <span class='ocrx_word' id='word_1_170' title='bbox 382 3117 516 3181; x_wconf 86' lang='lat' dir='ltr'>Varinio</span> <span class='ocrx_word' id='word_1_171' title='bbox 548 3119 633 3181; x_wconf 90' lang='lat' dir='ltr'>victo</span> <span class='ocrx_word' id='word_1_172' title='bbox 662 3117 875 3202; x_wconf 78' lang='lat' dir='ltr'>Campaniam</span> <span class='ocrx_word' id='word_1_173' title='bbox 908 3117 1050 3197; x_wconf 84' lang='lat' dir='ltr'>vexarit,</span> <span class='ocrx_word' id='word_1_174' title='bbox 1085 3117 1224 3182; x_wconf 82' lang='lat' dir='ltr'>Thurios</span> <span class='ocrx_word' id='word_1_175' title='bbox 1256 3119 1382 3202; x_wconf 85' lang='lat' dir='ltr'>petivit3</span> 
     </span>
     <span class='ocr_line' id='line_1_24' title="bbox 254 3225 1383 3312; baseline 0 -22"><span class='ocrx_word' id='word_1_176' title='bbox 254 3246 357 3312; x_wconf 90' lang='lat' dir='ltr'>-quem</span> <span class='ocrx_word' id='word_1_177' title='bbox 386 3245 527 3290; x_wconf 91' lang='lat' dir='ltr'>errorem</span> <span class='ocrx_word' id='word_1_178' title='bbox 556 3225 616 3288; x_wconf 92' lang='lat' dir='ltr'>soli</span> <span class='ocrx_word' id='word_1_179' title='bbox 641 3225 790 3310; x_wconf 89' lang='lat' dir='ltr'>Appiano</span> <span class='ocrx_word' id='word_1_180' title='bbox 818 3225 1005 3306; x_wconf 89' lang='lat' dir='ltr'>tribuimus,</span> <span class='ocrx_word' id='word_1_181' title='bbox 1044 3227 1230 3290; x_wconf 88' lang='lat' dir='ltr'>auctoribus</span> <span class='ocrx_word' id='word_1_182' title='bbox 1257 3227 1383 3290; x_wconf 89' lang='lat' dir='ltr'>crimini</span> 
     </span>
     <span class='ocr_line' id='line_1_25' title="bbox 260 3329 1383 3419; baseline -0.002 -21"><span class='ocrx_word' id='word_1_183' title='bbox 260 3355 325 3398; x_wconf 90' lang='lat' dir='ltr'>non</span> <span class='ocrx_word' id='word_1_184' title='bbox 348 3333 514 3398; x_wconf 80' lang='lat' dir='ltr'>vertimus.</span> <span class='ocrx_word' id='word_1_185' title='bbox 563 3332 626 3395; x_wconf 89' lang='lat' dir='ltr'>Sed</span> <span class='ocrx_word' id='word_1_186' title='bbox 651 3332 726 3396; x_wconf 89' lang='lat' dir='ltr'>inde</span> <span class='ocrx_word' id='word_1_187' title='bbox 750 3354 768 3395; x_wconf 90' lang='lat' dir='ltr'>a</span> <span class='ocrx_word' id='word_1_188' title='bbox 792 3333 899 3396; x_wconf 84' lang='lat' dir='ltr'>verbis</span> <span class='ocrx_word' id='word_1_189' title='bbox 919 3333 1055 3396; x_wconf 87' lang='lat' dir='ltr'>minime</span> <span class='ocrx_word' id='word_1_190' title='bbox 1077 3336 1118 3396; x_wconf 86' lang='grc' dir='ltr'>τὰ</span> <span class='ocrx_word' id='word_1_191' title='bbox 1140 3329 1168 3394; x_wconf 81' lang='grc' dir='ltr'>δ’</span> <span class='ocrx_word' id='word_1_192' title='bbox 1187 3335 1244 3419; x_wconf 84' lang='grc' dir='ltr'>ὄρη</span> <span class='ocrx_word' id='word_1_193' title='bbox 1259 3336 1299 3397; x_wconf 86' lang='grc' dir='ltr'>τὰ</span> <span class='ocrx_word' id='word_1_194' title='bbox 1314 3335 1383 3418; x_wconf 72' lang='grc' dir='ltr'><strong>περὶ</strong></span> 
     </span>
     <span class='ocr_line' id='line_1_26' title="bbox 254 3438 1382 3526; baseline -0.004 -19"><span class='ocrx_word' id='word_1_195' title='bbox 254 3440 410 3526; x_wconf 69' lang='grc' dir='ltr'>’Θουρίους</span> <span class='ocrx_word' id='word_1_196' title='bbox 424 3460 524 3503; x_wconf 77' lang='lat' dir='ltr'>urium</span> <span class='ocrx_word' id='word_1_197' title='bbox 537 3443 670 3520; x_wconf 88' lang='lat' dir='ltr'>fontem,</span> <span class='ocrx_word' id='word_1_198' title='bbox 687 3439 825 3520; x_wconf 85' lang='lat' dir='ltr'>Livium,</span> <span class='ocrx_word' id='word_1_199' title='bbox 843 3438 1012 3523; x_wconf 82' lang='lat' dir='ltr'>Appianas</span> <span class='ocrx_word' id='word_1_200' title='bbox 1024 3439 1176 3520; x_wconf 90' lang='lat' dir='ltr'>deseruit,</span> <span class='ocrx_word' id='word_1_201' title='bbox 1193 3440 1233 3503; x_wconf 88' lang='lat' dir='ltr'>nd</span> <span class='ocrx_word' id='word_1_202' title='bbox 1245 3440 1382 3502; x_wconf 90' lang='lat' dir='ltr'>alterum</span> 
     </span>
     <span class='ocr_line' id='line_1_27' title="bbox 262 3547 1384 3630; baseline -0.002 -18"><span class='ocrx_word' id='word_1_203' title='bbox 262 3549 467 3628; x_wconf 90' lang='lat' dir='ltr'>Sallustium,</span> <span class='ocrx_word' id='word_1_204' title='bbox 504 3548 676 3627; x_wconf 88' lang='lat' dir='ltr'>convertit,</span> <span class='ocrx_word' id='word_1_205' title='bbox 710 3552 802 3610; x_wconf 92' lang='lat' dir='ltr'>cuius</span> <span class='ocrx_word' id='word_1_206' title='bbox 825 3548 964 3630; x_wconf 79' lang='lat' dir='ltr'>vestigia</span> <span class='ocrx_word' id='word_1_207' title='bbox 990 3548 1088 3610; x_wconf 89' lang='lat' dir='ltr'>etiarn</span> <span class='ocrx_word' id='word_1_208' title='bbox 1112 3547 1384 3610; x_wconf 86' lang='lat' dir='ltr'>Maurenbreoher</span> 
     </span>
     <span class='ocr_line' id='line_1_28' title="bbox 261 3638 1382 3739; baseline -0.003 -19"><span class='ocrx_word' id='word_1_209' title='bbox 261 3657 386 3720; x_wconf 87' lang='lat' dir='ltr'>invenit</span> <span class='ocrx_word' id='word_1_210' title='bbox 415 3656 531 3718; x_wconf 85' lang='lat' dir='ltr'>collato</span> <span class='ocrx_word' id='word_1_211' title='bbox 564 3654 745 3738; x_wconf 84' lang='lat' dir='ltr'>fragmento</span> <span class='ocrx_word' id='word_1_212' title='bbox 776 3655 807 3728; x_wconf 80' lang='lat'>4,</span> <span class='ocrx_word' id='word_1_213' title='bbox 834 3656 876 3716; x_wconf 77' lang='lat'>20</span> <span class='ocrx_word' id='word_1_214' title='bbox 910 3675 984 3718; x_wconf 88' lang='lat' dir='ltr'>cum</span> <span class='ocrx_word' id='word_1_215' title='bbox 1017 3654 1158 3738; x_wconf 91' lang='lat' dir='ltr'>Appiani</span> <span class='ocrx_word' id='word_1_216' title='bbox 1192 3638 1310 3739; x_wconf 68' lang='lat' dir='ltr'>dapar&amp;</span> <span class='ocrx_word' id='word_1_217' title='bbox 1332 3655 1382 3718; x_wconf 75' lang='grc' dir='ltr'>ἐπὶ</span> 
     </span>
    </p>
   </div>
   <div class='ocr_carea' id='block_1_6' title="bbox 254 3759 1498 3848">
    <p class='ocr_par' dir='ltr' id='par_1_6' title="bbox 254 3759 1498 3848">
     <span class='ocr_line' id='line_1_29' title="bbox 254 3759 1498 3848; baseline -0.004 -20"><span class='ocrx_word' id='word_1_218' title='bbox 254 3762 428 3848; x_wconf 80' lang='grc' dir='ltr'>λεηλασίας</span> <span class='ocrx_word' id='word_1_219' title='bbox 457 3762 612 3847; x_wconf 82' lang='grc' dir='ltr'>ἐξήιεσαν;</span> <span class='ocrx_word' id='word_1_220' title='bbox 652 3767 762 3825; x_wconf 86' lang='lat' dir='ltr'>contra</span> <span class='ocrx_word' id='word_1_221' title='bbox 791 3761 830 3824; x_wconf 91' lang='lat' dir='ltr'>de</span> <span class='ocrx_word' id='word_1_222' title='bbox 855 3760 920 3824; x_wconf 88' lang='lat' dir='ltr'>alia</span> <span class='ocrx_word' id='word_1_223' title='bbox 943 3781 978 3824; x_wconf 90' lang='lat' dir='ltr'>re</span> <span class='ocrx_word' id='word_1_224' title='bbox 1001 3759 1082 3824; x_wconf 82' lang='lat' dir='ltr'>falso</span> <span class='ocrx_word' id='word_1_225' title='bbox 1107 3760 1310 3824; x_wconf 88' lang='lat' dir='ltr'>doctissimus</span> <span class='ocrx_word' id='word_1_226' title='bbox 1333 3761 1384 3824; x_wconf 86' lang='lat' dir='ltr'>vir</span> <span class='ocrx_word' id='word_1_227' title='bbox 1495 3800 1498 3807; x_wconf 44' lang='grc' dir='ltr'>ι</span> 
     </span>
    </p>
   </div>
   <div class='ocr_carea' id='block_1_7' title="bbox 261 4029 1385 4190">
    <p class='ocr_par' dir='ltr' id='par_1_7' title="bbox 261 4029 1385 4190">
     <span class='ocr_line' id='line_1_30' title="bbox 355 4029 1382 4100; baseline -0.003 -14"><span class='ocrx_word' id='word_1_228' title='bbox 355 4032 380 4098; x_wconf 90' lang='lat'>1)</span> <span class='ocrx_word' id='word_1_229' title='bbox 400 4031 457 4086; x_wconf 83' lang='lat' dir='ltr'>Cic.</span> <span class='ocrx_word' id='word_1_230' title='bbox 472 4031 509 4086; x_wconf 91' lang='lat' dir='ltr'>de</span> <span class='ocrx_word' id='word_1_231' title='bbox 527 4031 589 4086; x_wconf 89' lang='lat' dir='ltr'>har.</span> <span class='ocrx_word' id='word_1_232' title='bbox 604 4046 678 4100; x_wconf 90' lang='lat' dir='ltr'>resp.</span> <span class='ocrx_word' id='word_1_233' title='bbox 693 4030 708 4098; x_wconf 63' lang='grc' dir='ltr'><strong><em>ξ</em></strong></span> <span class='ocrx_word' id='word_1_234' title='bbox 721 4033 768 4085; x_wconf 76' lang='lat'>26:</span> <span class='ocrx_word' id='word_1_235' title='bbox 790 4030 882 4096; x_wconf 86' lang='lat' dir='ltr'>,mihi</span> <span class='ocrx_word' id='word_1_236' title='bbox 901 4030 989 4084; x_wconf 90' lang='lat' dir='ltr'>etiam</span> <span class='ocrx_word' id='word_1_237' title='bbox 1009 4029 1125 4098; x_wconf 85' lang='lat' dir='ltr'>generis</span> <span class='ocrx_word' id='word_1_238' title='bbox 1145 4029 1192 4084; x_wconf 91' lang='lat' dir='ltr'>sui</span> <span class='ocrx_word' id='word_1_239' title='bbox 1203 4029 1382 4084; x_wconf 84' lang='lat' dir='ltr'>mentionem</span> 
     </span>
     <span class='ocr_line' id='line_1_31' title="bbox 261 4118 1385 4190; baseline -0.002 -16"><span class='ocrx_word' id='word_1_240' title='bbox 261 4120 428 4189; x_wconf 75' lang='lat' dir='ltr'>faciteam</span> <span class='ocrx_word' id='word_1_241' title='bbox 449 4120 623 4175; x_wconf 89' lang='lat' dir='ltr'>Athenionis</span> <span class='ocrx_word' id='word_1_242' title='bbox 643 4123 694 4175; x_wconf 87' lang='lat' dir='ltr'>aut</span> <span class='ocrx_word' id='word_1_243' title='bbox 714 4121 843 4190; x_wconf 87' lang='lat' dir='ltr'>Spartaci</span> <span class='ocrx_word' id='word_1_244' title='bbox 865 4119 999 4189; x_wconf 85' lang='lat' dir='ltr'>exemplo</span> <span class='ocrx_word' id='word_1_245' title='bbox 1017 4118 1102 4174; x_wconf 89' lang='lat' dir='ltr'>ludos</span> <span class='ocrx_word' id='word_1_246' title='bbox 1126 4119 1223 4174; x_wconf 85' lang='lat' dir='ltr'>facere</span> <span class='ocrx_word' id='word_1_247' title='bbox 1245 4118 1385 4175; x_wconf 89' lang='lat' dir='ltr'>maluerit</span> 
     </span>
    </p>
   </div>
   <div class='ocr_carea' id='block_1_8' title="bbox 257 4211 798 4369">
    <p class='ocr_par' dir='ltr' id='par_1_8' title="bbox 257 4211 798 4369">
     <span class='ocr_line' id='line_1_32' title="bbox 257 4211 798 4282; baseline 0.002 -16"><span class='ocrx_word' id='word_1_248' title='bbox 257 4226 349 4280; x_wconf 73' lang='lat' dir='ltr'>onam</span> <span class='ocrx_word' id='word_1_249' title='bbox 371 4211 399 4268; x_wconf 84' lang='lat' dir='ltr'>O.</span> <span class='ocrx_word' id='word_1_250' title='bbox 419 4215 470 4268; x_wconf 89' lang='lat' dir='ltr'>aut</span> <span class='ocrx_word' id='word_1_251' title='bbox 489 4213 566 4282; x_wconf 88' lang='lat' dir='ltr'>Appi</span> <span class='ocrx_word' id='word_1_252' title='bbox 586 4211 798 4268; x_wconf 82' lang='lat' dir='ltr'>Claudiorum.“</span> 
     </span>
     <span class='ocr_line' id='line_1_33' title="bbox 352 4301 632 4369; baseline 0.004 -13"><span class='ocrx_word' id='word_1_253' title='bbox 352 4301 380 4368; x_wconf 80' lang='lat'>2)</span> <span class='ocrx_word' id='word_1_254' title='bbox 400 4301 480 4357; x_wconf 89' lang='lat' dir='ltr'>Oros.</span> <span class='ocrx_word' id='word_1_255' title='bbox 500 4305 525 4365; x_wconf 80' lang='lat'>5,</span> <span class='ocrx_word' id='word_1_256' title='bbox 546 4303 588 4369; x_wconf 76' lang='lat'>24,</span> <span class='ocrx_word' id='word_1_257' title='bbox 608 4304 632 4357; x_wconf 89' lang='grc'>3.</span> 
     </span>
    </p>
   </div>
   <div class='ocr_carea' id='block_1_9' title="bbox 0 0 1690 5184">
    <p class='ocr_par' dir='ltr' id='par_1_9' title="bbox 0 0 1690 5184">
     <span class='ocr_line' id='line_1_34' title="bbox 0 0 1690 5184; baseline 0 0"><span class='ocrx_word' id='word_1_258' title='bbox 0 0 1690 5184; x_wconf 95' lang='lat' dir='ltr'> </span> 
     </span>
    </p>
   </div>
  </div>
 </body>
</html>
