3367 5184
757 651 978 713 ..72-

305 849 365 912 per
389 827 569 912 complures
594 828 691 891 duces
715 828 878 912 frequenti
899 828 1053 910 indagine
1066 827 1168 891 attriti
1183 827 1277 892 111111α
1295 827 1431 909 (Oros),

306 935 500 1000 Plutarchus
533 935 598 998 fine
634 935 748 1018 capitis
782 935 877 998 modo
913 935 1003 998 citati
1034 932 1142 1016 (adico
1169 936 1224 999 vit.
1241 935 1430 1020 rampart

306 1043 349 1106 de
378 1041 533 1126 Pompeio
560 1043 727 1106 verbosius
756 1042 883 1121 scribit,
922 1063 1019 1126 quam
1049 1043 1089 1104 ob
1117 1063 1185 1105 rem
1217 1064 1276 1106 nos
1299 1043 1431 1126 quidem

305 1172 373 1215 non
394 1151 588 1231 dubitamus,
614 1151 691 1234 quin
718 1151 810 1235 plura
826 1151 1020 1232 fragmenta,
1045 1151 1070 1212 si
1088 1171 1105 1212 e
1121 1149 1214 1215 Livio
1231 1158 1263 1215 et
1279 1150 1430 1215 Sallustio

306 1259 479 1336 exstarent,
516 1279 580 1322 non
605 1258 710 1322 solum
741 1258 958 1321 dissensiones
989 1279 1103 1320 rerum
1133 1259 1232 1321 etiam
1255 1279 1430 1323 cousensus

305 1364 507 1449 aliquantum
532 1371 697 1450 angerent.

308 1630 310 1638 ¹
396 1649 573 1735 Reliquum
596 1656 654 1730 est,
680 1656 714 1712 ut
738 1650 778 1713 de
801 1650 946 1721 fontibus
970 1649 1103 1714 Sallusti
1127 1658 1159 1714 et
1181 1650 1253 1715 Livi
1277 1653 1431 1715 nonnulla

306 1759 451 1837 edamus,
470 1757 524 1822 sed
542 1763 577 1821 ut
588 1757 779 1820 affinitatem
794 1758 1017 1821 narrationum
1033 1778 1116 1840 quae
1132 1763 1272 1822 aetatem
1289 1758 1431 1822 tulerunt

305 1867 503 1950 investigare
526 1865 613 1929 haud
637 1864 733 1928 facile
757 1865 827 1944 fuit,
854 1865 899 1928 sic
922 1865 1114 1928 difficillima
1138 1873 1170 1928 et
1193 1887 1293 1950 prope
1317 1867 1430 1952 despe-

308 1980 381 2038 rata
404 1995 455 2064 res
481 1980 528 2037 est
551 1973 591 2036 de
615 1954 758 2037 lontibus
781 1973 910 2036 illorum
934 1994 1042 2036 rerum
1066 1973 1258 2057 scriptorum
1283 1980 1432 2053 tractare,

306 2103 325 2145 e
355 2103 492 2166 quorum
522 2080 612 2144 libris
646 2068 820 2142 admodum
850 2100 955 2163 pauca
986 2101 1057 2144 eum
1090 2080 1200 2144 labore
1233 2081 1431 2147 restituimus

307 2195 363 2257 aut
395 2189 565 2254 restituere
597 2187 708 2251 saltem
745 2188 852 2250 conati
884 2209 1010 2267 sumus;
1057 2209 1156 2272 quam
1189 2187 1229 2251 ob
1258 2210 1327 2252 rem
1350 2189 1431 2251 haec

305 2297 413 2381 potius
427 2296 571 2380 quaestio
584 2296 782 2359 instituenda
796 2302 855 2374 est,
868 2295 1008 2359 librosne
1022 2297 1249 2359 nonnullorum
1262 2305 1430 2360 auctorum

306 2404 402 2488 primi
419 2425 447 2466 a.
466 2401 500 2465 O.
517 2404 637 2466 saeculi
657 2401 827 2466 Sallustius
847 2403 1000 2466 Livinsve
1022 2403 1229 2486 exscripsisse
1248 2404 1430 2496 videantur.

325 2581 327 2586 ,
396 2510 480 2574 Ante
522 2516 646 2574 ceteros
688 2497 905 2574 nominandus
945 2517 993 2574 est
1032 2510 1073 2573 Μ.
1108 2510 1280 2575 Terentius
1316 2511 1430 2591 Varro,

307 2618 346 2682 ad
373 2639 468 2702 quem
493 2640 600 2703 supra,
626 2640 699 2682 cum
724 2619 763 2683 de
780 2619 930 2704 Appiano
954 2640 1133 2701 ageremus,
1159 2619 1289 2683 adducti
1305 2641 1431 2697 sumus;

306 2746 447 2810 namque
471 2726 612 2789 edictum
636 2725 716 2789 illud
741 2725 900 2810 Spartaci,
937 2722 1073 2809 nequis
1096 2747 1212 2789 aurum
1236 2732 1292 2790 aut
1315 2747 1431 2810 argen-

307 2817 375 2898 tum
412 2833 593 2916 negotiator
617 2833 763 2902 Thurios
800 2835 833 2896 iu
852 2816 854 2821 ¹
872 2834 1007 2897 hiberna
1038 2854 1204 2897 servorum
1235 2841 1431 2918 apportaret,

305 2947 339 3004 et
374 2940 560 3005 Sallustium
597 2947 762 3006 auctorem
796 2941 939 3026 Appiani
961 2936 1047 3004 ‘b.c.
1068 2944 1096 3021 1,
1136 2943 1196 3003 117
1228 2949 1259 3004 et
1288 2941 1431 3005 Plinium

306 3048 519 3138 11.11.33,49
544 3070 561 3111 e
585 3049 732 3112 Varrone
757 3050 932 3132 sumpsisse
956 3047 1129 3130 constat¹);
1154 3069 1194 3112 ne
1217 3049 1336 3112 librum
1361 3051 1431 3137 qui-

305 3157 380 3220 dem
416 3153 561 3234 Terenti,
606 3177 702 3240 quem
742 3156 788 3219 illi
830 3159 1054 3240 inspexerunt,
1089 3155 1151 3218 viri
1182 3155 1268 3220 docti
1298 3156 1432 3220 definire

304 3262 548 3344 dubitaverunt,
589 3264 675 3347 quod
707 3285 744 3344 ,e
772 3285 881 3328 rerum
909 3263 1108 3327 urbanarum
1135 3263 1217 3326 libro
1246 3263 1359 3327 tertio“
1392 3264 1432 3327 de

305 3371 407 3456 ipsius
432 3371 579 3454 Spartaci
603 3372 669 3435 vita
693 3372 911 3456 fragmentum
933 3371 1095 3455 quoddam
1112 3371 1198 3455 apud
1215 3369 1429 3436 Charisiuml

305 3500 337 3564 p.
367 3477 469 3540 13311
499 3484 663 3542 servatum
695 3486 757 3544 est:
801 3479 977 3563 „Spartaco
1009 3479 1180 3541 innocente
1212 3479 1357 3544 coniecto
1392 3478 1432 3542 ad

305 3569 553 3668 gladiatori'um“
566 3584 602 3665 2).
640 3586 692 3650 Ad
708 3587 788 3650 haec
804 3586 868 3649 duo
887 3585 1041 3649 Varronis
1056 3585 1098 3648 de
1115 3584 1199 3648 bello
1216 3586 1432 3670 gladiatorum

303 3691 490 3768 testimonia
514 3694 611 3758 etiam
637 3695 766 3757 tertium
791 3693 930 3772 accedit3
970 3690 1094 3756 Gallius
1118 3693 1215 3771 enim,
1240 3715 1303 3778 qno
1328 3693 1432 3777 capite

307 3801 352 3876 (n.
366 3800 405 3864 A.
422 3805 452 3882 5,
465 3803 496 3882 6,
510 3800 568 3882 23)
581 3802 621 3865 de
638 3803 764 3866 coronis
782 3802 947 3866 ovantium
965 3807 1084 3881 narrat,
1101 3799 1262 3864 Licinium
1279 3799 1432 3864 Crassum

303 3907 417 3978 laurea
445 3930 502 3990 pro
532 3915 657 3974 murtea
688 3931 781 3974 usnnr
815 3930 885 3972 esse
914 3908 1026 3986 tradit3
1061 3907 1148 3970 idem
1178 3909 1264 3992 apud
1289 3906 1430 3970 Plinium

305 4033 520 4041 ——-——-——

302 4091 305 4100 Δ
375 4095 377 4102 ⁴
403 4101 428 4168 1)
461 4100 489 4156 F.
523 4099 700 4156 Muenzer:
739 4101 891 4170 Beitraege
921 4117 973 4156 zur
998 4099 1213 4167 Quellenkritilr
1243 4101 1296 4156 der
1326 4101 1433 4156 Natur-

310 4191 483 4260 geschichte
502 4190 554 4246 des
573 4190 695 4247 Plinius.
734 4191 860 4247 Berolini
876 4193 1054 4260 1119111131.
1092 4190 1226 4246 Ceterum
1240 4190 1299 4246 vid.
1311 4205 1377 4260 pag.
1389 4192 1433 4245 58.

395 4281 423 4343 2)
443 4279 556 4336 Peter:
576 4280 680 4349 fragm.
693 4281 762 4336 hist.
777 4281 858 4336 Rom.
870 4297 895 4350 p.
909 4281 969 4336 236.
