3367 5184
1259 596 1304 617 ,μ’-ι

1238 637 1241 644 Ι
1254 618 1267 643 -Ι-
1277 612 1297 629 .”ι
1321 618 1333 641 'l

1251 651 1267 671 0
1307 631 1346 668 A

1253 677 1256 681 ¹
1311 680 1324 691 s.
1333 675 1344 698 5¹}

764 662 983 762 .]8-Ι

312 899 433 954 eamus,
467 876 503 940 L.
523 875 561 940 Ο.
578 875 753 940 Breeekeri
768 870 795 956 ¹)
829 875 893 959 qui,
923 896 995 938 cnm
1013 875 1110 938 ceteri
1126 875 1290 939 levitatem
1307 867 1431 938 tantum

312 985 345 1046 in
377 983 473 1046 Floro
505 983 752 1068 reprehendant,
784 1003 868 1046 unus
899 1003 1041 1046 errorem
1072 983 1280 1067 interpretari
1311 983 1435 1046 studuit

311 1089 528 1154 coniecturam
562 1089 742 1154 abnuimus.

402 1197 508 1262 Etiam
535 1197 575 1260 ad
602 1197 767 1260 exordium
794 1196 988 1260 narrationis
1013 1218 1076 1280 quo
1097 1197 1236 1280 primum
1258 1198 1431 1262 tumultum

312 1305 463 1370 servilem
494 1303 610 1368 Florus
642 1306 724 1368 inter
751 1303 844 1367 initia
870 1304 960 1367 urbis
985 1304 1143 1367 exstitisse
1170 1304 1302 1389 exponit
1316 1304 1432 1369 Wilms

313 1434 371 1477 nos
407 1433 523 1476 vocare
560 1411 676 1491 omisit,
719 1412 890 1492 immerito,
931 1431 1037 1495 neque
1078 1411 1165 1474 enim
1200 1412 1335 1476 dubium
1373 1419 1431 1491 est,

312 1522 390 1606 quin
422 1519 458 1583 Τ.
475 1518 597 1593 Livius,
630 1520 684 1604 qui
715 1519 786 1582 libri
815 1517 876 1581 ΙΙΙ.
910 1540 979 1603 cap.
1000 1518 1265 1599 15,5—18‚11
1286 1518 1433 1582 Herdoni

312 1628 425 1692 Sabini
455 1627 601 1692 facinora
637 1633 832 1706 narraverat,
878 1647 952 1690 eum
982 1627 1068 1690 bella
1098 1625 1228 1690 servilia
1259 1627 1433 1711 explicaret

313 1737 352 1799 ad
385 1735 440 1798 illa
471 1735 632 1813 reiecerit3
664 1733 738 1798 inde
769 1733 860 1798 Flori
891 1735 1013 1799 notitia.

402 1842 572 1906 Proximus
603 1846 651 1906 est
680 1842 771 1905 locus
802 1841 898 1905 Orosi
930 1842 983 1926 qui
1015 1842 1092 1904 item
1118 1840 1190 1904 Livi
1217 1842 1350 1905 annales
1378 1863 1432 1904 ex·
1525 1901 1529 1910 ,

312 1951 454 2034 scripsit3
488 1950 604 2034 quibus
633 1969 706 2012 eum
731 1950 776 2012 ita
804 1969 899 2012 usum
920 1969 990 2012 esse
1008 1947 1123 2012 Wilms
1143 1948 1233 2029 dixit,
1266 1935 1433 2012 utcontra
1508 1947 1511 1950 ’

311 2057 456 2139 Florum,
499 2078 595 2142 quem
631 2063 760 2140 praeter
789 2055 919 2120 Livium
949 2055 1152 2139 inspexisset,
1195 2055 1432 2139 quodammodo

312 2171 485 2250 pugnaret3
523 2163 716 2248 praeterisse
754 2163 853 2248 igitur
889 2162 1041 2226 Orosium
1072 2183 1155 2247 quae
1185 2162 1303 2226 Florus
1333 2162 1432 2226 tradi·

312 2272 420 2351 disset,
460 2271 621 2334 rettulisse
653 2271 693 2334 de
724 2259 763 2334 iis
794 2290 878 2354 qnae
909 2271 962 2333 ille
993 2270 1154 2349 tacuisset,
1199 2272 1304 2354 neque
1335 2270 1431 2333 aliam

312 2379 468 2442 rationem
501 2400 575 2442 enm
606 2377 755 2441 habuisse
786 2397 861 2461 pag.
879 2375 921 2441 23
948 2376 1103 2440 iudicavit
1132 2376 1195 2439 nisi
1225 2378 1360 2440 cavendi
1391 2398 1433 2440 ne

312 2487 432 2550 crimen
455 2485 496 2548 ad
521 2485 655 2548 verbum
681 2483 882 2569 exprimendi
903 2483 992 2547 mori
1025 2484 1086 2548 sibi
1114 2485 1290 2547 exsisteret.
1338 2483 1433 2555 Quod

312 2596 539 2676 argumentum
582 2594 676 2656 nobis
716 2591 847 2676 quidem
882 2591 976 2655 valde
1017 2592 1187 2677 displicere
1225 2592 1431 2670 confitemur3

313 2720 388 2762 nam
419 2699 493 2783 quid
528 2700 647 2784 cogitat
664 2698 778 2762 Wilms
809 2700 849 2762 de
876 2699 1040 2763 veteribus
1071 2720 1179 2763 rerum
1207 2700 1431 2784 scriptoribus!

312 2807 479 2870 consulum
507 2801 638 2870 nomina
665 2828 722 2871 our
742 2806 858 2870 Florus
889 2807 1031 2870 omiserit
1055 2805 1151 2870 modo
1177 2807 1326 2887 diximus,
1358 2829 1430 2870 cum

313 2913 503 2976 tumultibus
534 2913 566 2976 in
599 2914 737 2978 metallis
753 2913 1000 2978 Atheniensium
1029 2921 1060 2978 et
1087 2913 1162 2977 Deli
1191 2915 1327 2999 aliisque
1354 2916 1433 2979 locis

312 3021 389 3084 ortis
410 3021 523 3084 eadem
545 3042 596 3084 res
613 3028 669 3096 est,
702 3021 904 3086 Herdonium
922 3041 1175 3086 commemorare
1193 3022 1272 3085 nihil
1286 3023 1433 3086 interfuit

313 3128 367 3212 qui
400 3133 475 3190 ante
507 3125 687 3192 CCCXXV
718 3127 786 3192 fere
823 3149 924 3193 annos
955 3135 1103 3192 senatum
1135 3136 1308 3208 terruerat3
1355 3151 1433 3193 sane

311 3236 429 3298 mirum
460 3234 598 3314 videtur,
630 3256 686 3298 cnr
718 3258 802 3299 nunc
833 3235 923 3300 Flori
953 3236 1089 3320 vestigia
1119 3258 1267 3321 premere
1299 3235 1432 3300 Orosius

311 3341 516 3422 dubitaverit,
547 3365 611 3427 qno
643 3343 785 3429 alioquin
817 3345 864 3407 uti
895 3365 957 3408 non
983 3345 1105 3408 veritus
1132 3342 1219 3425 est.‘·’)
1261 3345 1325 3408 Sed
1352 3346 1431 3409 haec

311 3449 476 3526 hactenus
514 3472 589 3513 nam
621 3451 661 3514 de
693 3452 807 3515 ceteris
839 3451 988 3514 omnibns
1021 3461 1175 3535 quantum
1208 3452 1250 3514 ad
1280 3451 1432 3515 Orosium

312 3577 384 3618 cum
428 3556 574 3620 Wilmsio
626 3560 842 3622 consentimus
889 3566 984 3636 atque
1029 3560 1187 3644 imprimis
1234 3561 1431 3624 laudandum

312 3683 479 3726 censemus
505 3666 589 3749 quod
618 3686 691 3749 pag.
710 3665 751 3728 ‘23
774 3687 826 3728 res
851 3670 959 3750 gestas
985 3667 1144 3751 quomodo
1172 3668 1256 3751 apud
1280 3668 1430 3732 Orosium

310 3843 416 3850 -..,.
423 3842 523 3850 --

404 3949 430 4014 l)
452 3947 534 4003 Pauli
553 3949 624 4005 Real
643 3949 759 4018 Encyel.
775 3950 807 4010 V,
829 3952 897 4006 1356
916 3951 965 4005 Nr.
979 3954 1009 4016 33
1033 3951 1195 4022 Aquillium
1216 3952 1365 4007 consulem
1381 3957 1430 4008 119

312 4037 362 4106 qui
392 4036 554 4107 Perpernae
581 4039 724 4094 successit
751 4055 817 4096 eum
845 4039 898 4095 illo
917 4040 1047 4110 Aquillio
1066 4056 1124 4096 cos.
1135 4045 1182 4097 101
1203 4043 1349 4096 mutatum
1368 4057 1431 4097 esse

312 4126 487 4182 Broecker
515 4128 607 4197 putat,
641 4143 727 4197 quem
755 4131 874 4184 secutus
902 4132 947 4185 est
976 4129 1092 4186 Klein:
1129 4129 1184 4185 Die
1214 4129 1430 4200 Verwaltungs-

310 4215 446 4271 beamten
466 4232 523 4272 von
543 4216 660 4272 Sizilien
682 4217 743 4272 und
762 4217 924 4274 Sardinien.
964 4218 1044 4273 Boon
1065 4221 1141 4287 1878,
1161 4233 1226 4288 pag.
1240 4220 1282 4272 51.

401 4304 428 4371 2)
448 4304 576 4361 Koehler
593 4323 620 4376 p.
634 4308 678 4362 45.
