3367 5184
768 644 988 732 -11--ι

312 840 386 882 eum
410 819 595 904 peregriua,
632 820 680 883 sin
705 819 785 882 falso
809 819 934 883 urbana
957 819 1102 883 functum
1127 841 1196 884 esse
1219 820 1433 885 iudicabimus

312 926 358 990 sic
373 926 490 990 lacuna
506 927 646 1010 expleta:
670 925 805 990 Λευκίου
822 923 987 1009 [Arachtou
1002 925 1137 991 Λευκίου
1153 927 1229 990 υἱοῦ.
1266 926 1434 992 Postremo

313 1034 351 1096 iis
381 1055 464 1117 quae
491 1034 683 1118 protulimus
712 1035 911 1118 argumentis
942 1036 1090 1118 quintum
1119 1035 1280 1098 addimus:
1321 1033 1435 1099 Cicero

312 1163 371 1224 pro
404 1141 524 1205 Archia
556 1141 573 1223 ξ
598 1143 617 1205 5
650 1143 739 1206 dicit:
780 1143 907 1222 „statim
939 1141 1077 1222 Luculli,
1110 1138 1184 1206 'oum
1216 1149 1435 1226 praetextatus

312 1248 481 1312 etiamtum
514 1249 651 1314 Archias
685 1256 783 1330 esset,
823 1271 898 1312 anm
931 1250 1062 1313 domum
1095 1271 1185 1312 suam
1211 1250 1434 1333 receperunt“,

313 1355 401 1438 quod
426 1378 489 1439 quo
514 1378 598 1420 anno
623 1357 721 1420 fuerit
743 1358 812 1441 ipse
841 1357 997 1420 declarat:
1039 1357 1198 1437 „Romam
1222 1358 1311 1421 venit
1333 1358 1435 1421 Mario
1504 1437 1506 1439 p

314 1464 444 1526 consulo
474 1470 505 1527 et
534 1462 668 1529 Catulo“
695 1466 715 1528 i.
741 1487 768 1528 e.
793 1487 879 1529 anno
907 1466 984 1544 1023
1022 1464 1149 1529 Luculli
1178 1486 1258 1548 quos
1291 1466 1437 1529 nominat

312 1576 388 1632 sunt
419 1579 549 1654 praetor
582 1572 757 1636 Siciliensis
790 1579 821 1636 et
853 1572 913 1636 filii
937 1572 973 1636 L.
999 1578 1031 1636 et
1054 1572 1106 1651 M,
1144 1594 1282 1656 quocum
1305 1579 1433 1656 poetam

315 1680 413 1759 „satis
428 1680 525 1764 longo
546 1680 736 1744 intervallo“
756 1681 879 1744 seilicet
893 1682 978 1744 intra
994 1702 1095 1744 annos
1115 1683 1176 1745 102
1195 1687 1227 1744 et
1242 1702 1305 1764 quo
1322 1679 1435 1743 civitas

313 1789 342 1850 ei
375 1787 450 1850 data
483 1793 533 1851 est
558 1789 599 1852 89
624 1789 656 1852 in
691 1789 833 1852 Siciliam
866 1789 1047 1872 profectum
1080 1809 1150 1851 esse
1183 1788 1269 1872 apud
1296 1788 1434 1850 cundem

313 1893 503 1959 Ciceronem
528 1895 546 1975 ξ
571 1899 589 1961 6
614 1897 777 1980 legimus·
808 1896 852 1960 Ut
875 1896 992 1960 deinde
1009 1896 1146 1959 Servilio
1170 1902 1318 1980 praetore
1335 1895 1434 1957 Athe-

312 2003 441 2066 nionem
472 2004 643 2068 Macellum
676 2005 830 2068 muniisse
864 2005 1075 2082 arbitremur,
1114 2004 1197 2067 duae
1230 2025 1288 2068 nos
1318 2023 1435 2067 causae

206 2183 208 2193 Ι
313 2119 531 2191 commorent3
556 2112 695 2196 primunr
720 2112 805 2176 enim
822 2114 929 2196 priore
946 2134 1030 2175 anno
1047 2111 1265 2197 Tryphonem,
1289 2112 1435 2195 quiante

313 2217 529 2283 Athenionem
566 2241 674 2284 servos
707 2220 855 2303 regebat,
895 2225 1058 2283 mortuum
1093 2241 1163 2282 essa
1199 2219 1331 2297 scimus,
1367 2223 1434 2280 tum

313 2323 429 2390 Dionis
454 2325 544 2392 Cassi
569 2338 736 2412 excerptor
759 2328 962 2407 Valesianus,
993 2328 1044 2390 oui
1067 2327 1126 2390 soli
1149 2348 1221 2390 eam
1246 2326 1433 2390 memoriam

312 2431 479 2515 debemus,
519 2435 700 2518 fragmento
741 2437 792 2515 93,
821 2437 841 2497 4
876 2435 951 2498 libri
989 2434 1129 2513 XXVII,
1168 2435 1355 2518 priusquam
1394 2433 1435 2495 de

312 2539 480 2621 Macella¹)
497 2543 597 2606 verba
612 2542 699 2621 facit,
719 2543 874 2606 nonnulla
889 2543 929 2605 de
945 2541 1163 2604 Teutonorum
1182 2550 1214 2604 et
1230 2539 1434 2604 Cimbrorum

313 2645 457 2711 cladibus
490 2651 615 2728 attulit3
661 2651 770 2733 itaque
802 2650 943 2713 Athenio
967 2649 1021 2711 vix
1055 2648 1230 2712 Messenios
1263 2669 1435 2732 aggressus

312 2756 475 2839 putandus
499 2763 555 2836 est,
581 2778 654 2820 cum
677 2756 838 2840 Aquillius
863 2755 968 2819 Roma
992 2757 1025 2818 in
1046 2756 1188 2818 Siciliam
1212 2756 1433 2839 proficiscitur.

402 2863 516 2926 Restat
546 2870 581 2927 ut
611 2854 747 2927 de'fine
780 2865 855 2928 belli
879 2885 1023 2947 agamus,
1071 2863 1250 2943 DiodoruS,
1289 2863 1434 2927 simodo

312 2969 409 3033 Photi
446 2973 546 3035 verba
579 2993 637 3055 pro
676 2971 848 3035 Diodoreis
887 2973 1109 3050 aestimamus,
1149 2979 1301 3054 quattuor
1334 2992 1435 3034 annos

314 3077 499 3140 dimicatum
529 3100 599 3143 esse
630 3079 682 3159 36,
708 3081 758 3158 10,
780 3080 799 3141 3
824 3079 934 3142 tradit:
975 3080 991 3142 ὁ
1021 3081 1076 3162 μὲν
1104 3076 1158 3142 οὖν
1185 3082 1268 3142 κατὰ
1290 3078 1435 3142 Σικελίαν

317 3194 378 3248 τῶν
402 3186 530 3250 οἰκετῶν
552 3187 687 3271 πόλεμος
712 3187 866 3271 διαμείνας
890 3188 944 3269 ἔτη
968 3186 1079 3271 σχεδόν
1102 3205 1162 3250 που
1179 3186 1311 3270 τέτταρα
1333 3205 1435 3271 τραγι-

316 3294 375 3376 κὴν
399 3291 472 3377 ἔσχε
496 3297 552 3378 τὴν
576 3296 803 3379 καταστροφήν.
844 3293 956 3378 Etiam
981 3295 1076 3357 huius
1100 3295 1255 3357 tumultus
1278 3294 1435 3376 originem

313 3400 354 3462 ab
387 3401 457 3484 ipsa
490 3402 565 3465 belli
598 3409 703 3466 aetate
736 3403 901 3466 diudicare
932 3403 1102 3482 debemus,
1140 3402 1230 3464 illum
1261 3421 1345 3464 auno
1373 3402 1434 3462 104

313 3514 418 3571 ortum
442 3495 518 3572 esse
547 3531 644 3593 supra
675 3509 828 3590 diximus,
868 3511 951 3573 hanc
981 3511 1020 3573 ab
1050 3509 1163 3572 eodem
1191 3508 1319 3571 Nervae
1349 3527 1433 3570 anno

314 3637 377 3678 non
407 3618 570 3680 numerari
598 3639 693 3700 posse
716 3618 843 3680 iam'eo
869 3616 1044 3699 colligitur,
1084 3615 1169 3698 quod
1194 3614 1301 3678 Nerva
1325 3615 1434 3698 copias
1543 3691 1545 3695 Ι

313 3745 352 3786 ex
367 3723 473 3788 insula
489 3724 655 3788 celerrime
671 3725 868 3807 conscriptas
885 3724 1008 3801 habuit,
1024 3723 1107 3786 iusto
1124 3722 1277 3786 exercitui
1294 3722 1433 3807 primurn

315 3829 469 3893 Lucullus
493 3837 622 3915 praetor
645 3832 800 3915 praefuit3
833 3853 897 3915 qua
921 3831 960 3894 de
985 3851 1082 3894 causa
1097 3829 1217 3893 bellum
1236 3831 1276 3892 ab
1293 3829 1435 3913 Aquillio

313 3958 397 4001 anno
432 3940 492 4002 100
516 3938 698 4004 confectum
726 3960 795 4002 esse
827 3939 1036 4019 arbitramur,
1074 3939 1106 4001 id
1136 3938 1221 4022 quod
1249 3938 1333 4000 inter
1362 3936 1435 4001 Livi

312 4046 498 4129 periocham
522 4048 595 4111 libri
617 4047 729 4110 LXIX
746 4053 777 4110 ot
793 4047 1010 4131 Obsequentis
1034 4047 1273 4130 paragraphum
1298 4048 1351 4124 45,
1372 4046 1433 4109 105

404 4261 429 4326 1)
453 4259 515 4314 Vid.
531 4259 615 4314 Holm
635 4260 653 4314 l.
668 4276 691 4314 c.
706 4258 753 4327 lll,
773 4262 825 4314 344
