3367 5184
678 639 897 703 „81-

227 820 336 901 patres
358 816 525 898 miserunt,
549 816 583 878 in
607 822 720 879 senatu
744 815 844 880 adest.
898 814 1050 887 Quaestio
1074 817 1226 896 exoritur,
1250 814 1348 881 Clau-

227 922 340 986 diusne
364 929 432 986 tum
457 943 474 985 e
498 923 659 1008 legatione
682 923 717 987 in
741 921 953 1007 Campaniam
977 922 1079 986 redux
1093 921 1234 987 Romam
1250 923 1349 988 fuerit

227 1049 268 1092 an
298 1030 382 1094 servi
409 1030 552 1094 nondum
576 1029 819 1110 rebellaverint,
853 1029 932 1093 illud
957 1027 1108 1093 Muenner
1129 1031 1347 1115 reputavit,

228 1135 284 1200 sed
317 1136 378 1200 hoc
412 1137 515 1220 magis
552 1137 645 1201 nobis
679 1138 801 1222 placet,
842 1137 927 1221 quod
955 1157 1020 1200 nou
1050 1137 1154 1201 solum
1182 1137 1348 1202 celerrime

227 1244 418 1309 seditionem
447 1251 575 1308 auctam
603 1266 673 1308 esse
701 1265 811 1308 rerum
834 1245 1007 1329 scriptores
1039 1244 1251 1321 concordant,
1291 1245 1346 1309 aad

227 1351 323 1414 etiam
348 1351 532 1432 Vatinium,
573 1352 627 1436 qui
651 1353 683 1414 in
708 1350 822 1415 Claudi
846 1351 954 1415 locum
976 1352 1145 1431 successit,
1179 1353 1347 1437 praecipiti

227 1463 381 1522 autumno
405 1479 521 1522 manus
545 1480 618 1522 oum
642 1459 797 1545 Spartaco
822 1453 1024 1523 conseruisse
1048 1465 1182 1522 constat.

316 1564 430 1650 Itaque
454 1563 603 1630 ciroaId.
622 1566 692 1629 Oct.
711 1565 885 1650 Spartacus
901 1564 1016 1630 Crixus
1033 1565 1218 1630 Oenomaus
1235 1565 1349 1652 Capua

227 1693 245 1735 e
273 1671 348 1736 ludo
378 1670 437 1736 Cn.
462 1670 591 1736 Corneli
619 1671 750 1736 Lentuli
777 1671 899 1736 Batiati
909 1671 933 1751 1)
963 1693 1036 1736 cum
1064 1674 1130 1737 suis
1158 1681 1347 1758 eruperunt3

227 1803 332 1868 neque
348 1783 435 1848 enim
450 1781 626 1846 Novembri
643 1803 697 1846 eos
714 1781 856 1845 evasisse
871 1781 1046 1845 verisimile
1064 1788 1123 1861 est,
1147 1780 1347 1866 quodetiam

226 1891 287 1954 hoc
311 1911 395 1953 anno
421 1891 602 1975 complures
626 1889 725 1973 legati
748 1910 785 1952 ao
809 1894 976 1973 praetores
999 1887 1140 1952 Romani
1161 1888 1249 1952 haud
1265 1889 1348 1952 bene

226 2019 295 2062 rem
319 2004 502 2082 gesserunt3
537 1997 621 2061 servi
651 1996 780 2081 fugitivi
805 1996 943 2059 Acerras
971 2017 1006 2058 se
1034 1995 1207 2060 ¹contulisse
1234 1995 1347 2059 viden-

227 2109 288 2186 tur,
328 2105 414 2168 unde
442 2101 651 2184 Vesuvium2)
681 2108 824 2169 montem
863 2103 1060 2187 petiverunt,
1094 2103 1141 2166 ibi
1176 2107 1348 2188 postquam

227 2211 341 2296 vigiles
365 2210 477 2296 Capua
501 2223 705 2275 occursantes
728 2211 762 2274 iu
786 2210 898 2295 fugam
921 2215 1096 2291 verterunt,
1122 2231 1141 2303 a
1165 2208 1201 2274 C.
1213 2208 1349 2274 Claudio

228 2316 364 2400 Glabro,
405 2319 459 2404 qui
484 2317 535 2382 ΙΙΙ
562 2317 653 2383 milia
680 2317 817 2382 militum
845 2318 936 2381 iussn
963 2322 1094 2381 senatus
1120 2339 1140 2381 e
1168 2315 1348 2401 Campania

228 2447 324 2511 quam
364 2427 531 2491 celerrime
571 2427 817 2510 conscripserat,
861 2425 978 2490 inclusi
1013 2431 1101 2505 sunt3
1144 2423 1201 2488 sed
1235 2423 1349 2488 castris

226 2531 448 2597 Romanorum
477 2555 527 2598 ex·
547 2534 722 2618 improviso
755 2534 916 2618 oppressis
944 2538 977 2596 et
1002 2532 1132 2611 deletis,
1173 2553 1214 2595 ne
1242 2531 1347 2595 denuo

227 2640 476 2722 includerentur,
495 2647 620 2706 montes
635 2641 837 2727 reliquerunt
853 2648 885 2705 et
900 2641 1085 2725 ingentibus
1097 2639 1188 2703 brevi
1204 2645 1349 2723 tempore

228 2747 410 2832 agminibus
434 2754 466 2812 et
489 2749 723 2834 mancipiorum
744 2755 777 2812 et
796 2748 972 2812 liberorum
988 2747 1156 2811 hominum
1172 2768 1190 2810 e
1206 2766 1348 2830 paupere

227 2855 402 2938 agrestium
437 2855 645 2920 multitudine
683 2855 802 2920 coactis
839 2873 955 2939 agrum
984 2851 1179 2933 Nolanum3)
1215 2853 1350 2938 impune

229 2967 452 3043 vastaverunt,
499 2961 615 3027 deinde
661 2959 868 3046 Nuceriam4)
914 2961 1067 3046 oppidum
1113 2960 1348 3045 appetiverunt.

228 3066 362 3132 Interim
401 3075 531 3133 senatus
567 3070 736 3134 Vatinium
744 3068 772 3150 ⁵)
808 3075 991 3154 praetorem
1025 3068 1060 3132 in
1090 3066 1206 3132 Claudi
1240 3067 1348 3132 locum
1465 3124 1469 3130 .

227 3183 414 3255 vocaveram
450 3178 503 3262 qui
538 3177 690 3262 fugitivos
723 3177 841 3241 talibus
876 3177 976 3261 copiis
1013 3176 1125 3260 quales
1160 3176 1190 3239 ei
1216 3176 1349 3239 fuerunt

227 3385 334 3427 nomen
358 3370 519 3440 antecedit,
553 3386 620 3428 oum
643 3371 815 3440 designatos
838 3372 987 3441 praetores
1009 3370 1078 3426 ante
1100 3370 1262 3440 praetorios
1286 3385 1349 3425 sen·

227 3460 351 3517 tentiam
375 3475 478 3531 rogare
504 3462 639 3517 eonsules
663 3461 744 3517 soliti
769 3461 842 3529 sint,
881 3461 940 3516 nisi
964 3460 1039 3515 torte
1052 3455 1154 3516 'etiam
1178 3457 1349 3515 Marcellum

228 3553 299 3606 tuuc
322 3550 509 3620 designatum
535 3551 621 3620 putas
640 3552 805 3620 praetorem
823 3549 916 3606 fuisse
935 3549 1155 3606 undevicesimo
1174 3563 1251 3605 anno
1269 3548 1348 3618 post-

228 3654 316 3706 quam
335 3639 487 3696 aedilitate
505 3639 625 3696 funotus
644 3642 697 3696 est.

319 3729 344 3794 l)
364 3727 438 3784 Plut.
453 3727 546 3784 Crass.
559 3732 589 3794 8;
610 3729 670 3784 Liv.
685 3743 729 3798 ep.
743 3732 791 3798 953
811 3727 892 3784 Oros.
905 3731 931 3797 5,
945 3731 988 3796 24,
1010 3732 1032 3784 l.

316 3818 343 3883 2)
362 3815 430 3872 Sall.
443 3818 513 3873 hist
527 3819 552 3888 3,
563 3817 609 3885 923
624 3816 702 3873 vell.
718 3818 779 3874 Pat.
793 3820 819 3886 2,
832 3820 875 3886 30,
889 3820 918 3882 5;
938 3816 1012 3873 Flor.
1027 3819 1052 3880 2,
1065 3820 1091 3885 8,
1104 3822 1133 3884 43
1153 3816 1282 3873 Frontin.
1296 3822 1354 3872 atr.-

229 3910 252 3974 1,
266 3909 291 3973 5,
305 3908 353 3974 213
372 3905 447 3963 Plut.
460 3907 479 3961 l.
494 3923 518 3964 o.
532 3910 560 3976 93
582 3908 705 3977 Appian.
719 3906 787 3963 bell.
800 3908 856 3962 civ.
872 3911 896 3977 l,
911 3909 975 3974 116;
996 3906 1075 3962 Oros.
1088 3906 1107 3961 l.
1121 3906 1173 3974 αξ
1189 3911 1210 3961 1.

316 3996 346 4062 3)
365 3994 439 4052 Flor.
453 3996 468 4062 ξ
483 3999 507 4052 5.
825 3997 856 4063 4)
876 3996 951 4054 Flor.
963 3996 1003 4052 ib.

317 4083 345 4146 5)
364 4083 432 4140 Sall.
445 4085 475 4140 h.
488 4087 514 4154 3,
528 4089 561 4142 96
573 4101 630 4156 sq.;
650 4085 724 4142 Plut.
739 4089 768 4152 9;
788 4085 849 4142 Liv.
862 4101 906 4156 ep.
917 4089 964 4153 953
984 4085 1059 4143 l'lor.
1072 4086 1127 4155 §53
1147 4084 1275 4141 Frontin.
1285 4088 1309 4153 1,
1322 4088 1347 4149 5,

227 4176 275 4243 92;
290 4163 433 4244 App.116;
453 4174 510 4231 Cic.
521 4191 573 4244 pro
588 4175 729 4244 Flauolt,
736 4179 779 4231 45.
811 4175 1036 4232 (ttwehrmann
1056 4175 1075 4231 l.
1089 4191 1113 4231 c.
1126 4177 1170 4244 42,
1182 4174 1347 4243 -Wadding—

226 4266 276 4319 ton
298 4264 359 4318 672.

1241 4375 1256 4426 6
