3367 5184
759 693 800 700 -
851 659 891 721 a
939 693 980 701 -
1147 568 1406 898 Ψ

310 837 441 901 modum
466 836 576 921 egredi
598 836 790 900 vidissemus
815 873 855 879 —
882 835 1013 899 difficile
1041 835 1128 898 enim
1151 841 1200 898 est
1221 833 1286 898 Pos
1341 807 1430 898 nrum

309 944 353 1008 ibi
378 965 571 1028 cognoscere
596 977 637 986 -
661 942 747 1006 iufra
771 947 872 1028 totam
896 942 1154 1005 dissertationem
1177 942 1352 1025 posuimus.

400 1242 552 1326 Sequitur
575 1248 609 1304 ut
634 1243 750 1326 quibus
773 1240 917 1306 fontibus
940 1243 982 1306 ad
1005 1243 1090 1307 bella
1113 1245 1241 1307 servilia
1264 1244 1297 1308 in
1321 1245 1430 1309 Sicilia

310 1356 401 1435 gesta
424 1349 606 1413 enarranda
630 1347 667 1412 Τ.
692 1348 804 1412 Livius
828 1370 904 1412 usus
928 1349 969 1413 sit
996 1350 1211 1434 inquiramus3
1251 1351 1337 1436 qnod
1360 1353 1431 1415 fieri

310 1478 373 1521 non
397 1462 503 1542 potest
524 1458 587 1520 nisi
611 1457 650 1520 de
674 1457 940 1541 epitomatoribus
959 1457 1029 1520 eius
1049 1459 1266 1521 coniecturam
1282 1458 1429 1539 facimus,

310 1585 393 1649 quae
426 1565 502 1627 sutis
537 1564 666 1647 probari
699 1584 763 1627 non
794 1570 909 1648 potest,
950 1564 1005 1632 sed
1035 1565 1087 1628 cui
1119 1571 1312 1648 argumenta
1342 1567 1430 1631 nulla

311 1673 456 1735 obstant:
500 1671 631 1735 Florum
666 1671 752 1736 enim
786 1678 817 1735 et
841 1671 992 1735 Orosium
1025 1673 1128 1736 solum
1151 1671 1281 1738 Livium
1304 1680 1431 1737 secutos

310 1799 379 1842 esse
403 1779 605 1864 suspicamur
623 1777 856 1863 Valeriumque
879 1779 1056 1844 Maximum
1080 1801 1136 1844 cas
1158 1801 1239 1864 quas
1263 1802 1301 1844 ex
1325 1781 1429 1865 primo

309 1887 519 1970 fugitivorum
543 1887 681 1950 tumultu
706 1886 800 1950 affert
823 1888 1079 1952 narratiunculas
1102 1887 1162 1952 soli
1180 1887 1272 1951 Livio
1297 1888 1431 1967 deberc;

309 2013 407 2077 quam
431 1979 648 2058 coniecturam
665 2011 863 2078 quamquam
880 2016 992 2058 omnes
1008 1996 1069 2058 viri
1085 1995 1171 2060 docti
1187 1995 1271 2080 quod
1290 1996 1430 2060 sciamus

309 2099 455 2163 fecerunt
478 2122 583 2185 neque
607 2122 626 2164 a
645 2101 777 2165 veritate
794 2123 849 2165 eos
866 2104 1033 2167 aberrasse
1049 2103 1223 2166 verisimile
1240 2114 1298 2184 est,
1322 2109 1430 2168 tamen

310 2214 345 2270 ut
367 2209 584 2271 coniecturam
608 2209 842 2292 respiciendam
867 2231 937 2274 esse
960 2232 1093 2274 monere
1115 2210 1244 2294 placuit.

400 2315 513 2378 Wilms
547 2316 601 2399 qui
625 2316 644 2377 l.
663 2336 689 2378 c.
708 2316 748 2380 dc
783 2317 992 2401 scriptoribus
1024 2318 1140 2402 prioris
1171 2318 1327 2381 tumultus
1350 2318 1432 2384 Sici-

309 2422 418 2485 liensis
435 2457 476 2465 -
494 2422 631 2486 alterum
646 2423 800 2507 deinceps
816 2425 1026 2488 tractabimus
1044 2426 1238 2509 -scripsit,
1259 2447 1277 2487 e
1295 2447 1431 2490 numero

312 2524 559 2615 epitomatorem
569 2527 736 2592 Valerium
749 2529 925 2593 Maximum
939 2529 1091 2614 neglexit,
1108 2532 1211 2610 credo,
1230 2533 1315 2615 quod
1328 2531 1433 2596 fontes

310 2636 382 2700 Livi
415 2659 455 2699 ex
486 2657 522 2699 co
555 2636 705 2700 concludi
735 2658 830 2720 posse
863 2640 1008 2722 negavit3
1045 2660 1110 2723 qua
1137 2638 1176 2702 dc
1200 2661 1235 2703 re
1259 2641 1433 2703 ruraliter

310 2745 485 2808 sentiamus
514 2743 600 2807 infra
627 2744 824 2822 docebimus,
866 2766 952 2808 nunc
982 2768 1078 2810 unorn
1108 2768 1126 2809 e
1153 2740 1296 2831 quinque
1322 2747 1431 2810 Valeri

311 2850 559 2916 narratiunculis
576 2873 593 2915 e
610 2851 702 2916 Livio
720 2853 860 2936 pendere
876 2861 1019 2939 praestat
1034 2875 1224 2933 memorare,
1253 2854 1324 2917 dico
1341 2855 1429 2918 illam

310 2979 375 3042 qua
398 2957 520 3021 Titium
543 2958 743 3043 praefectum
769 2961 913 3043 equitum
931 2981 950 3023 a
966 2959 1142 3045 Calpurnio
1157 2959 1277 3025 Pisone
1302 2963 1432 3026 consule

273 3127 274 3132 ,
311 3067 480 3130 multatum
518 3087 588 3130 esse
612 3069 642 3145 Q,
668 3069 699 3147 7,
724 3068 743 3130 9
767 3068 865 3132 tradit
901 3077 932 3131 et
962 3090 1060 3152 quam
1091 3068 1183 3133 Livio
1216 3090 1290 3132 cunr
1313 3070 1432 3133 debere

309 3173 361 3236 vel
374 3195 411 3236 eo
428 3175 582 3258 probatur
597 3174 682 3258 quod
695 3175 781 3238 idem
796 3175 881 3259 apud
893 3174 1086 3240 Frontinum
1098 3183 1281 3260 strategem.
1296 3176 1328 3257 4,
1347 3178 1429 3256 1,26

309 3280 464 3364 legimus3
500 3303 559 3344 nec
589 3282 690 3345 altera
713 3282 874 3365 quaedam
898 3284 1039 3347 narratio
1064 3305 1147 3367 quae
1170 3284 1210 3347 de
1234 3284 1288 3346 illo
1313 3282 1431 3346 Pisone

311 3394 359 3452 est
382 3390 413 3469 4,
438 3389 468 3462 3,
498 3387 538 3451 10
562 3389 602 3452 ad
636 3389 735 3452 alium
770 3389 891 3455 fontem
925 3396 1071 3474 spectare
1106 3391 1242 3454 videtur.
1295 3389 1433 3452 Restant

309 3496 505 3579 paragraphi
523 3499 553 3574 ⁶2,
572 3498 601 3575 7,
620 3496 656 3576 3;
681 3499 711 3577 6,
729 3497 759 3574 9,
778 3497 797 3560 8
815 3503 847 3560 et
863 3498 894 3575 9,
919 3500 969 3577 12,
994 3519 1011 3560 e
1032 3501 1045 3560 l
1066 3499 1106 3560 de
1130 3498 1247 3582 quibus
1271 3518 1309 3560 ea
1333 3517 1431 3581 quam

310 3597 448 3666 diximus
472 3576 657 3666 coniectura
680 3603 775 3667 valet.

399 3709 486 3772 Flori
516 3710 690 3795 epitomam
718 3716 857 3774 tractare
886 3711 1117 3793 omitteremus,
1161 3711 1223 3774 uisi
1247 3711 1430 3775 Wilnrsium

311 3816 392 3880 falso
422 3817 461 3879 de
486 3837 524 3880 ea
548 3818 690 3902 cogitare
714 3824 916 3901 putaremus3
964 3819 1009 3881 sic
1033 3819 1120 3882 euim
1143 3818 1196 3881 ille
1220 3840 1293 3903 pag.
1312 3819 1353 3880 22
1367 3839 1430 3902 sq.:

311 3925 421 4009 pigere
439 3923 571 3988 Florum
588 3925 720 3988 uomina
736 3931 923 4009 praetorum
940 3926 1038 3989 affere
1055 3948 1135 4011 quos
1151 3925 1278 4009 fugitivi
1295 3923 1431 3988 vicerint

312 4052 416 4116 neque
441 4032 587 4094 consules
611 4029 701 4095 illurn
726 4026 857 4096 omnino
881 4034 1049 4096 nominare
1072 4033 1129 4096 sed
1146 4033 1260 4096 ceteris
1275 4031 1431 4115 neglectis

311 4160 330 4207 a
353 4138 554 4222 praetoribus
578 4138 619 4201 ad
643 4160 716 4201 eum
742 4124 917 4224 confugere
941 4140 1032 4203 cuius
1055 4161 1155 4224 opera
1177 4139 1262 4203 bello
1282 4139 1355 4203 finis
1372 4139 1432 4203 im-

310 4246 433 4329 positus
467 4252 551 4308 esset
585 4246 728 4330 Rupilio,
767 4269 825 4331 pro
859 4269 922 4331 quo
957 4247 1088 4312 consule
1120 4248 1201 4311 falso
1234 4247 1433 4332 Perpernam
