3367 5184
704 649 925 714 ..15-

257 803 385 908 oppida
408 822 539 890 Punicis
574 827 666 892 bellis
700 833 826 893 vastata
867 850 937 892 esse
972 829 1208 909 concludimus3
1247 831 1375 914 quoda

257 930 391 996 veritate
420 934 512 998 haud
534 957 612 1000 sane
635 937 797 1016 abhorret,
833 958 909 1000 nam
932 936 1102 1000 Himeram
1126 939 1166 1002 ab
1191 937 1375 1002 Hannibale

255 1037 419 1104 obsessam
444 1049 661 1127 expugnatam
685 1043 843 1128 direptam
861 1029 931 1108 esse
948 1045 1080 1124 scimus3
1104 1043 1186 1108 Gela
1202 1066 1222 1108 a
1236 1045 1375 1110 Mamer-

255 1147 330 1211 tinis
354 1149 460 1213 excisa
484 1156 547 1230 est3
594 1151 766 1216 Selinuntii
789 1153 891 1215 multa
915 1158 1010 1216 antea
1032 1152 1119 1236 passi
1140 1151 1333 1238 Lilybaeum
1357 1174 1377 1216 a

257 1251 577 1339 Carthaginiensibus
613 1258 741 1323 deducti
777 1241 869 1339 sunt3
914 1257 1146 1323 Leontinorum
1180 1259 1247 1323 fata
1285 1261 1376 1324 varia

255 1361 386 1426 fuerunt
409 1370 441 1428 et
464 1386 547 1449 quac
571 1365 686 1429 afferre
709 1366 842 1450 longum
867 1371 925 1445 est,
965 1363 1130 1430 Oanricum
1145 1365 1170 1445 ¹)
1193 1367 1374 1450 proditione

255 1491 275 1534 a
290 1469 446 1534 Romanis
463 1478 592 1557 captum
609 1478 665 1536 est.
703 1471 794 1544 Quae
811 1493 883 1535 oum
900 1473 946 1536 ita
962 1494 997 1536 se
1014 1473 1162 1552 habeant,
1181 1473 1372 1538 Strabonem

256 1578 340 1662 apud
370 1577 508 1643 eundem
537 1585 701 1643 auctorem
730 1601 792 1664 qno
822 1579 917 1644 modo
941 1580 1015 1643 illae
1039 1581 1135 1644 urbes
1158 1580 1314 1665 perierint
1336 1602 1374 1645 ac

255 1686 307 1768 qui
338 1707 391 1749 eas
421 1687 622 1750 condiderint
649 1688 765 1770 legisse
793 1687 1011 1772 suspicamur3
1050 1708 1147 1772 quem
1169 1693 1279 1750 nostro
1302 1688 1373 1751 loco

254 1791 463 1858 Posidonium
495 1793 594 1858 fnisse
626 1794 799 1858 verisimile
830 1795 924 1858 nobis
955 1795 1086 1858 videtur
1113 1795 1374 1879 comparantibus

255 1901 421 1965 Strabonis
456 1901 556 1964 verba
589 1904 625 1966 τὸ
661 1904 714 1986 μὲν
747 1912 869 1986 πρῶτον
906 1903 956 1967 ἐπὶ
991 1901 1145 1986 lucensius
1178 1901 1373 1988 τρεπομένων

254 2011 413 2094 σποράδην
435 2018 497 2074 τῶν
521 2009 639 2095 νομέων
667 2009 733 2074 εἶτα
755 2012 808 2073 καὶ
831 2010 1046 2094 anahabaida
1069 2010 1297 2095 συνισταμένων
1319 2013 1373 2073 καὶ

253 2117 455 2202 πορθούντων
492 2121 547 2194 τὰς
580 2117 740 2194 κατοικίας
776 2139 849 2181 cum
885 2116 1021 2181 Diodori
1057 2117 1132 2180 libri
1163 2117 1215 2180 34.
1253 2138 1322 2201 cap.
1341 2119 1372 2197 2,

255 2223 294 2305 ἕξ
314 2225 396 2288 1-3
422 2251 464 2280 ---
488 2227 635 2303 27-32;
664 2246 769 2309 neque
794 2231 901 2288 tamen
926 2225 1063 2288 alterum
1086 2229 1215 2308 praeter
1238 2224 1373 2288 Posido-

254 2333 342 2396 nium
376 2354 484 2397 rerum
516 2333 705 2416 scriptorem
736 2333 776 2396 de
808 2331 942 2396 coloniis
966 2331 1158 2396 Strabonem
1188 2331 1374 2395 adhibuisse

253 2461 455 2504 removemus
489 2447 661 2524 propterea
695 2439 778 2523 quod
815 2459 889 2502 eum
926 2439 1039 2502 crebro
1068 2437 1190 2522 Ephori
1223 2438 1372 2501 Antiochi

254 2547 441 2631 Apollodori
464 2547 555 2611 libris
579 2547 620 2610 ad
644 2546 800 2610 eiusmodi
822 2567 874 2608 res
891 2546 1088 2609 enarrandas
1105 2567 1197 2608 usunr
1216 2567 1285 2610 esse
1302 2547 1371 2629 ipso

252 2655 312 2717 hoc
328 2655 432 2739 capite
448 2657 653 2740 perspicuum
670 2662 727 2717 est.
774 2652 810 2717 ld
827 2674 904 2716 vero
921 2653 1146 2737 praedicamus
1161 2652 1371 2716 Posidonium

252 2760 332 2824 libro
353 2783 448 2845 quem
468 2763 507 2825 de
525 2784 645 2826 oceano
664 2763 791 2846 scripsit
803 2762 961 2844 originem
973 2761 1102 2824 urbium
1114 2781 1177 2823 non
1192 2761 1371 2845 neglexisse

253 2873 289 2928 ut
311 2865 477 2930 Plutarchi
504 2870 589 2932 vitae
613 2868 756 2932 Marcelli
786 2875 882 2952 caput
909 2868 1098 2931 vicesimum
1121 2861 1253 2944 docet.²)
1300 2866 1370 2931 Hoc

253 2977 377 3036 tantum
401 2974 441 3037 de
466 2976 632 3040 Strabone.

297 3117 300 3124 ·
341 3079 496 3146 Venimus
520 3103 605 3146 nuno
630 3084 670 3146 ad
694 3082 860 3146 Plutarchi
884 3082 970 3144 vitae
993 3081 1103 3144 Sullae
1126 3089 1223 3166 eaput
1243 3083 1296 3164 36,
1330 3083 1370 3146 de

252 3209 316 3272 quo
347 3190 493 3274 quamvis
521 3189 708 3253 brevissime
738 3209 898 3273 exponere
923 3189 1130 3252 omnimodo
1154 3190 1370 3270 intendamus,

251 3302 357 3360 tamen
382 3317 455 3361 cum
478 3297 587 3383 aliqua
610 3299 756 3361 ubertate
781 3296 1003 3360 disserendum
1028 3302 1091 3386 est3
1121 3296 1248 3381 quade
1272 3317 1371 3359 causa

251 3405 334 3468 hano
363 3405 403 3468 de
427 3405 600 3470 Plutarcho
629 3405 862 3489 quaestionem,
898 3425 972 3467 cum
995 3403 1139 3488 reliquae
1163 3403 1370 3487 expositionis

345 3548 371 3612 1)
392 3546 539 3603 Carnicum
574 3547 729 3603 barbaram
763 3545 867 3601 urbem
894 3560 912 3601 a
940 3545 1058 3600 Graecis
1095 3545 1207 3604 secerni
1236 3543 1371 3599 videmus

252 3635 353 3691 eodem
388 3636 474 3692 modo
509 3652 566 3706 quo
595 3636 771 3691 vetustiores
800 3651 897 3690 rerum
926 3635 1082 3704 scriptores
1106 3633 1144 3688 de
1169 3633 1287 3689 Siciliae
1311 3633 1370 3689 situ

251 3725 442 3795 scripserunt:
463 3725 592 3795 Scylaeis
611 3725 714 3795 peripl.
727 3727 768 3793 13,
790 3723 958 3792 Thucyd.6‚
972 3726 1105 3791 ·2‚6-3,
1127 3728 1208 3792 lsq.;
1239 3724 1368 3778 ceterum

250 3812 379 3882 Scylaeis
397 3815 531 3871 libellum
550 3817 668 3886 propter
686 3813 803 3870 Siciliae
822 3813 938 3868 insulae
957 3812 1187 3882 descriptionem
1206 3826 1273 3867 cum
1289 3811 1368 3868 Stra-

250 3903 324 3959 bone
344 3903 477 3960 conferre
496 3918 600 3974 operae
619 3904 745 3973 pretium
766 3906 818 3970 est,
841 3901 920 3972 apud
939 3917 1026 3971 quern
1045 3901 1072 3956 si
1091 3901 1247 3956 Leontinos
1266 3901 1367 3956 urbem

250 3992 390 4048 nonnulla
414 3993 511 4049 stadia
529 4007 546 4048 a
566 3996 639 4050 mari
664 3997 805 4048 remotam
830 4007 894 4048 esse
913 3992 997 4060 legis,
1025 3991 1173 4060 intellegis
1193 4006 1245 4046 cur
1264 3989 1368 4046 Strabo

251 4081 472 4138 mediterraneis
492 4083 607 4152 oppidis
629 4083 783 4138 Leontinos
803 4081 953 4137 adiecerit.

338 4174 367 4236 2)
389 4171 533 4240 unguium
553 4172 691 4242 oppidum
710 4175 804 4238 ῖορομα
813 4173 923 4237 Κρητῶν
943 4170 979 4227 cf.
990 4170 1074 4226 Diod.
1084 4174 1109 4236 4,
1124 4172 1166 4232 79,
1179 4173 1204 4236 ὁ,
1219 4168 1275 4224 Cio.
1288 4169 1367 4224 verr,

249 4259 300 4314 lib.
315 4261 352 4315 IV
372 4261 443 4328 §eh
