<?xml version="1.0" encoding="UTF-8"?>
<!DOCTYPE html PUBLIC "-//W3C//DTD XHTML 1.0 Transitional//EN"
    "http://www.w3.org/TR/xhtml1/DTD/xhtml1-transitional.dtd">
<html xmlns="http://www.w3.org/1999/xhtml" xml:lang="en" lang="en">
 <head>
  <title>
</title>
<meta http-equiv="Content-Type" content="text/html;charset=utf-8" />
  <meta name='ocr-system' content='tesseract 3.04.00' />
  <meta name='ocr-capabilities' content='ocr_page ocr_carea ocr_par ocr_line ocrx_word'/>
</head>
<body>
  <div class='ocr_page' id='page_1' title='image "./deromanorvmbell00rathgoog_0084.png"; bbox 0 0 3367 5184; ppageno 0'>
   <div class='ocr_carea' id='block_1_1' title="bbox 642 1385 1119 1478">
    <p class='ocr_par' dir='ltr' id='par_1_1' title="bbox 642 1385 1119 1478">
     <span class='ocr_line' id='line_1_1' title="bbox 642 1385 1119 1478; baseline -0.006 -15"><span class='ocrx_word' id='word_1_1' title='bbox 642 1385 817 1463; x_wconf 81' lang='lat' dir='ltr'><strong>CAPUT</strong></span> <span class='ocrx_word' id='word_1_2' title='bbox 846 1385 1119 1478; x_wconf 81' lang='lat' dir='ltr'><strong>QUARTUM.</strong></span> 
     </span>
    </p>
   </div>
   <div class='ocr_carea' id='block_1_2' title="bbox 320 1674 1444 2093">
    <p class='ocr_par' dir='ltr' id='par_1_2' title="bbox 320 1674 1444 2093">
     <span class='ocr_line' id='line_1_2' title="bbox 411 1674 1444 1761; baseline -0.002 -23"><span class='ocrx_word' id='word_1_3' title='bbox 411 1675 565 1740; x_wconf 83' lang='lat' dir='ltr'>Fontium</span> <span class='ocrx_word' id='word_1_4' title='bbox 582 1675 740 1739; x_wconf 83' lang='lat' dir='ltr'>affinitate</span> <span class='ocrx_word' id='word_1_5' title='bbox 757 1682 828 1739; x_wconf 89' lang='lat' dir='ltr'>utut</span> <span class='ocrx_word' id='word_1_6' title='bbox 844 1677 878 1740; x_wconf 92' lang='lat' dir='ltr'>iu</span> <span class='ocrx_word' id='word_1_7' title='bbox 894 1677 1011 1761; x_wconf 85' lang='lat' dir='ltr'>exigua</span> <span class='ocrx_word' id='word_1_8' title='bbox 1027 1675 1162 1739; x_wconf 87' lang='lat' dir='ltr'>materia</span> <span class='ocrx_word' id='word_1_9' title='bbox 1173 1675 1244 1739; x_wconf 88' lang='lat' dir='ltr'>fieri</span> <span class='ocrx_word' id='word_1_10' title='bbox 1254 1674 1360 1758; x_wconf 87' lang='lat' dir='ltr'>potuit</span> <span class='ocrx_word' id='word_1_11' title='bbox 1371 1694 1444 1758; x_wconf 88' lang='lat' dir='ltr'>per-</span> 
     </span>
     <span class='ocr_line' id='line_1_3' title="bbox 320 1781 1444 1869; baseline -0.005 -20"><span class='ocrx_word' id='word_1_12' title='bbox 320 1789 464 1850; x_wconf 86' lang='lat' dir='ltr'>scrutata</span> <span class='ocrx_word' id='word_1_13' title='bbox 478 1801 607 1869; x_wconf 67' lang='lat' dir='ltr'>&#39;paucas</span> <span class='ocrx_word' id='word_1_14' title='bbox 632 1783 875 1868; x_wconf 83' lang='lat' dir='ltr'>chronologicas</span> <span class='ocrx_word' id='word_1_15' title='bbox 899 1791 931 1848; x_wconf 89' lang='lat' dir='ltr'>et</span> <span class='ocrx_word' id='word_1_16' title='bbox 954 1782 1034 1848; x_wconf 87' lang='lat' dir='ltr'>alias</span> <span class='ocrx_word' id='word_1_17' title='bbox 1062 1783 1267 1868; x_wconf 81' lang='lat' dir='ltr'>quaestiones</span> <span class='ocrx_word' id='word_1_18' title='bbox 1295 1781 1444 1866; x_wconf 85' lang='lat' dir='ltr'>adiungi-</span> 
     </span>
     <span class='ocr_line' id='line_1_4' title="bbox 322 1888 1443 1976; baseline -0.004 -19"><span class='ocrx_word' id='word_1_19' title='bbox 322 1914 404 1958; x_wconf 91' lang='lat' dir='ltr'>mus.</span> <span class='ocrx_word' id='word_1_20' title='bbox 451 1890 629 1976; x_wconf 91' lang='lat' dir='ltr'>Postquam</span> <span class='ocrx_word' id='word_1_21' title='bbox 652 1891 738 1954; x_wconf 89' lang='lat' dir='ltr'>euim</span> <span class='ocrx_word' id='word_1_22' title='bbox 761 1889 842 1954; x_wconf 88' lang='lat' dir='ltr'>fides</span> <span class='ocrx_word' id='word_1_23' title='bbox 866 1898 1034 1954; x_wconf 87' lang='lat' dir='ltr'>auctorum</span> <span class='ocrx_word' id='word_1_24' title='bbox 1055 1891 1120 1954; x_wconf 90' lang='lat' dir='ltr'>iam</span> <span class='ocrx_word' id='word_1_25' title='bbox 1138 1889 1261 1954; x_wconf 76' lang='lat' dir='ltr'>&#39;clarius</span> <span class='ocrx_word' id='word_1_26' title='bbox 1284 1888 1443 1974; x_wconf 88' lang='lat' dir='ltr'>apparuit,</span> 
     </span>
     <span class='ocr_line' id='line_1_5' title="bbox 322 1993 1444 2093; baseline -0.005 -29"><span class='ocrx_word' id='word_1_27' title='bbox 322 2006 359 2064; x_wconf 89' lang='lat' dir='ltr'>ut</span> <span class='ocrx_word' id='word_1_28' title='bbox 388 1998 562 2064; x_wconf 83' lang='lat' dir='ltr'>nonnullae</span> <span class='ocrx_word' id='word_1_29' title='bbox 591 2003 772 2082; x_wconf 90' lang='lat' dir='ltr'>temporum</span> <span class='ocrx_word' id='word_1_30' title='bbox 802 1996 1015 2061; x_wconf 77' lang='lat' dir='ltr'>indicationes</span> <span class='ocrx_word' id='word_1_31' title='bbox 1038 1997 1078 2060; x_wconf 90' lang='lat' dir='ltr'>ab</span> <span class='ocrx_word' id='word_1_32' title='bbox 1109 1997 1172 2060; x_wconf 91' lang='lat' dir='ltr'>illis</span> <span class='ocrx_word' id='word_1_33' title='bbox 1201 1996 1376 2093; x_wconf 81' lang='lat' dir='ltr'>praecipue</span> <span class='ocrx_word' id='word_1_34' title='bbox 1403 1993 1444 2058; x_wconf 90' lang='lat' dir='ltr'>ab</span> 
     </span>
    </p>
   </div>
   <div class='ocr_carea' id='block_1_3' title="bbox 215 2102 1445 2192">
    <p class='ocr_par' dir='ltr' id='par_1_3' title="bbox 215 2102 1445 2192">
     <span class='ocr_line' id='line_1_6' title="bbox 215 2102 1445 2192; baseline -0.005 -20"><span class='ocrx_word' id='word_1_35' title='bbox 215 2106 216 2109; x_wconf 65' lang='grc'>’</span> <span class='ocrx_word' id='word_1_36' title='bbox 323 2106 472 2192; x_wconf 88' lang='lat' dir='ltr'>Appiano</span> <span class='ocrx_word' id='word_1_37' title='bbox 485 2107 602 2170; x_wconf 86' lang='lat' dir='ltr'>allatae</span> <span class='ocrx_word' id='word_1_38' title='bbox 614 2104 716 2169; x_wconf 85' lang='lat' dir='ltr'>falsae</span> <span class='ocrx_word' id='word_1_39' title='bbox 729 2105 874 2168; x_wconf 85' lang='lat' dir='ltr'>detectae</span> <span class='ocrx_word' id='word_1_40' title='bbox 885 2105 958 2185; x_wconf 84' lang='lat' dir='ltr'>siut,</span> <span class='ocrx_word' id='word_1_41' title='bbox 970 2125 1176 2188; x_wconf 84' lang='lat' dir='ltr'>progressum</span> <span class='ocrx_word' id='word_1_42' title='bbox 1187 2125 1294 2170; x_wconf 87' lang='lat' dir='ltr'>rerum</span> <span class='ocrx_word' id='word_1_43' title='bbox 1305 2102 1445 2167; x_wconf 83' lang='lat' dir='ltr'><strong>tumultu</strong></span> 
     </span>
    </p>
   </div>
   <div class='ocr_carea' id='block_1_4' title="bbox 321 2211 1448 4335">
    <p class='ocr_par' dir='ltr' id='par_1_4' title="bbox 321 2211 1446 3048">
     <span class='ocr_line' id='line_1_7' title="bbox 321 2211 1444 2300; baseline -0.003 -23"><span class='ocrx_word' id='word_1_44' title='bbox 321 2214 538 2300; x_wconf 84' lang='lat' dir='ltr'>gladiatorum</span> <span class='ocrx_word' id='word_1_45' title='bbox 566 2218 730 2296; x_wconf 84' lang='lat' dir='ltr'>gestarum</span> <span class='ocrx_word' id='word_1_46' title='bbox 759 2233 844 2276; x_wconf 88' lang='lat' dir='ltr'>nunc</span> <span class='ocrx_word' id='word_1_47' title='bbox 878 2213 997 2275; x_wconf 89' lang='lat' dir='ltr'>certius</span> <span class='ocrx_word' id='word_1_48' title='bbox 1030 2233 1087 2275; x_wconf 94' lang='lat' dir='ltr'>nos</span> <span class='ocrx_word' id='word_1_49' title='bbox 1119 2211 1302 2296; x_wconf 80' lang='lat' dir='ltr'>perspicere</span> <span class='ocrx_word' id='word_1_50' title='bbox 1335 2231 1444 2295; x_wconf 89' lang='lat' dir='ltr'>spera-</span> 
     </span>
     <span class='ocr_line' id='line_1_8' title="bbox 322 2318 1445 2406; baseline -0.004 -21"><span class='ocrx_word' id='word_1_51' title='bbox 322 2343 411 2403; x_wconf 82' lang='lat' dir='ltr'>mus,</span> <span class='ocrx_word' id='word_1_52' title='bbox 436 2338 535 2400; x_wconf 88' lang='lat' dir='ltr'>quam</span> <span class='ocrx_word' id='word_1_53' title='bbox 558 2320 744 2406; x_wconf 86' lang='lat' dir='ltr'>nuperrime</span> <span class='ocrx_word' id='word_1_54' title='bbox 768 2319 1053 2399; x_wconf 88' lang='lat' dir='ltr'>Maureubrecher,</span> <span class='ocrx_word' id='word_1_55' title='bbox 1079 2339 1173 2403; x_wconf 91' lang='lat' dir='ltr'>quem</span> <span class='ocrx_word' id='word_1_56' title='bbox 1197 2318 1229 2382; x_wconf 88' lang='lat' dir='ltr'>iu</span> <span class='ocrx_word' id='word_1_57' title='bbox 1255 2339 1294 2382; x_wconf 90' lang='lat' dir='ltr'>en</span> <span class='ocrx_word' id='word_1_58' title='bbox 1316 2320 1387 2402; x_wconf 92' lang='lat' dir='ltr'>ipsa</span> <span class='ocrx_word' id='word_1_59' title='bbox 1409 2338 1445 2380; x_wconf 90' lang='lat' dir='ltr'>re</span> 
     </span>
     <span class='ocr_line' id='line_1_9' title="bbox 323 2426 1445 2511; baseline -0.003 -19"><span class='ocrx_word' id='word_1_60' title='bbox 323 2427 494 2492; x_wconf 88' lang='lat' dir='ltr'>offendisse</span> <span class='ocrx_word' id='word_1_61' title='bbox 518 2433 606 2511; x_wconf 87' lang='lat' dir='ltr'>puto,</span> <span class='ocrx_word' id='word_1_62' title='bbox 631 2427 726 2511; x_wconf 87' lang='lat' dir='ltr'>quod,</span> <span class='ocrx_word' id='word_1_63' title='bbox 752 2433 926 2511; x_wconf 88' lang='lat' dir='ltr'>antequam</span> <span class='ocrx_word' id='word_1_64' title='bbox 950 2426 1089 2490; x_wconf 80' lang='lat' dir='ltr'>fontium</span> <span class='ocrx_word' id='word_1_65' title='bbox 1112 2427 1336 2491; x_wconf 82' lang='lat' dir='ltr'>auctoritatem</span> <span class='ocrx_word' id='word_1_66' title='bbox 1360 2432 1445 2489; x_wconf 89' lang='lat' dir='ltr'>trae·</span> 
     </span>
     <span class='ocr_line' id='line_1_10' title="bbox 321 2529 1446 2619; baseline -0.003 -20"><span class='ocrx_word' id='word_1_67' title='bbox 321 2541 416 2616; x_wconf 88' lang='lat' dir='ltr'>taret,</span> <span class='ocrx_word' id='word_1_68' title='bbox 433 2535 654 2619; x_wconf 87' lang='lat' dir='ltr'>quaestionem</span> <span class='ocrx_word' id='word_1_69' title='bbox 672 2534 835 2618; x_wconf 88' lang='lat' dir='ltr'>quandam</span> <span class='ocrx_word' id='word_1_70' title='bbox 852 2533 1113 2617; x_wconf 80' lang='lat' dir='ltr'>chronologicam</span> <span class='ocrx_word' id='word_1_71' title='bbox 1129 2533 1233 2597; x_wconf 86' lang='lat' dir='ltr'>solvit.</span> <span class='ocrx_word' id='word_1_72' title='bbox 1270 2529 1446 2596; x_wconf 81' lang='lat' dir='ltr'>Praeterea</span> 
     </span>
     <span class='ocr_line' id='line_1_11' title="bbox 323 2636 1445 2725; baseline -0.003 -18"><span class='ocrx_word' id='word_1_73' title='bbox 323 2641 499 2707; x_wconf 84' lang='lat' dir='ltr'>nonnullae</span> <span class='ocrx_word' id='word_1_74' title='bbox 528 2641 733 2725; x_wconf 81' lang='lat' dir='ltr'>quaestiones</span> <span class='ocrx_word' id='word_1_75' title='bbox 761 2641 894 2704; x_wconf 86' lang='lat' dir='ltr'>maioris</span> <span class='ocrx_word' id='word_1_76' title='bbox 923 2636 1078 2704; x_wconf 88' lang='lat' dir='ltr'>momenti</span> <span class='ocrx_word' id='word_1_77' title='bbox 1110 2641 1271 2721; x_wconf 87' lang='lat' dir='ltr'>oriuntur,</span> <span class='ocrx_word' id='word_1_78' title='bbox 1311 2662 1376 2704; x_wconf 90' lang='lat' dir='ltr'>una</span> <span class='ocrx_word' id='word_1_79' title='bbox 1405 2640 1445 2704; x_wconf 90' lang='lat' dir='ltr'>de</span> 
     </span>
     <span class='ocr_line' id='line_1_12' title="bbox 324 2747 1446 2833; baseline -0.001 -21"><span class='ocrx_word' id='word_1_80' title='bbox 324 2771 420 2812; x_wconf 85' lang='lat' dir='ltr'>cursu</span> <span class='ocrx_word' id='word_1_81' title='bbox 448 2749 607 2813; x_wconf 91' lang='lat' dir='ltr'>honorum</span> <span class='ocrx_word' id='word_1_82' title='bbox 635 2748 740 2832; x_wconf 90' lang='lat' dir='ltr'>qualis</span> <span class='ocrx_word' id='word_1_83' title='bbox 763 2747 840 2810; x_wconf 92' lang='lat' dir='ltr'>belli</span> <span class='ocrx_word' id='word_1_84' title='bbox 867 2753 974 2810; x_wconf 87' lang='lat' dir='ltr'>aetate</span> <span class='ocrx_word' id='word_1_85' title='bbox 1001 2747 1112 2827; x_wconf 83' lang='lat' dir='ltr'>fuerit,</span> <span class='ocrx_word' id='word_1_86' title='bbox 1149 2748 1249 2812; x_wconf 89' lang='lat' dir='ltr'>altera</span> <span class='ocrx_word' id='word_1_87' title='bbox 1277 2748 1318 2811; x_wconf 92' lang='lat' dir='ltr'>de</span> <span class='ocrx_word' id='word_1_88' title='bbox 1344 2748 1446 2833; x_wconf 84' lang='lat' dir='ltr'>legio·</span> 
     </span>
     <span class='ocr_line' id='line_1_13' title="bbox 323 2853 1446 2946; baseline -0.003 -25"><span class='ocrx_word' id='word_1_89' title='bbox 323 2857 419 2922; x_wconf 89' lang='lat' dir='ltr'>nibus</span> <span class='ocrx_word' id='word_1_90' title='bbox 447 2853 532 2918; x_wconf 85' lang='lat' dir='ltr'>Gelli</span> <span class='ocrx_word' id='word_1_91' title='bbox 561 2854 757 2939; x_wconf 83' lang='lat' dir='ltr'>Lentulique</span> <span class='ocrx_word' id='word_1_92' title='bbox 787 2855 985 2946; x_wconf 49' lang='lat' dir='ltr'>consulum„</span> <span class='ocrx_word' id='word_1_93' title='bbox 1013 2855 1109 2918; x_wconf 92' lang='lat' dir='ltr'>tertia</span> <span class='ocrx_word' id='word_1_94' title='bbox 1140 2855 1180 2918; x_wconf 90' lang='lat' dir='ltr'>de</span> <span class='ocrx_word' id='word_1_95' title='bbox 1210 2856 1346 2941; x_wconf 89' lang='lat' dir='ltr'>imperio</span> <span class='ocrx_word' id='word_1_96' title='bbox 1370 2855 1446 2920; x_wconf 93' lang='lat' dir='ltr'>belli</span> 
     </span>
     <span class='ocr_line' id='line_1_14' title="bbox 325 2961 1444 3048; baseline -0.001 -20"><span class='ocrx_word' id='word_1_97' title='bbox 325 2962 383 3028; x_wconf 86' lang='lat' dir='ltr'>On.</span> <span class='ocrx_word' id='word_1_98' title='bbox 395 2961 550 3046; x_wconf 89' lang='lat' dir='ltr'>Pompeio</span> <span class='ocrx_word' id='word_1_99' title='bbox 564 2983 583 3025; x_wconf 91' lang='lat' dir='ltr'>a</span> <span class='ocrx_word' id='word_1_100' title='bbox 596 2969 709 3026; x_wconf 85' lang='lat' dir='ltr'>senatu</span> <span class='ocrx_word' id='word_1_101' title='bbox 723 2963 808 3043; x_wconf 86' lang='lat' dir='ltr'>dato,</span> <span class='ocrx_word' id='word_1_102' title='bbox 831 2983 911 3046; x_wconf 87' lang='lat' dir='ltr'>quas</span> <span class='ocrx_word' id='word_1_103' title='bbox 923 2961 984 3025; x_wconf 88' lang='lat' dir='ltr'>viri</span> <span class='ocrx_word' id='word_1_104' title='bbox 996 2961 1081 3026; x_wconf 91' lang='lat' dir='ltr'>docti</span> <span class='ocrx_word' id='word_1_105' title='bbox 1094 2963 1212 3028; x_wconf 89' lang='lat' dir='ltr'>iniuria</span> <span class='ocrx_word' id='word_1_106' title='bbox 1225 2964 1444 3048; x_wconf 84' lang='lat' dir='ltr'>neglexerunt.</span> 
     </span>
    </p>

    <p class='ocr_par' dir='ltr' id='par_1_5' title="bbox 322 3069 1448 4335">
     <span class='ocr_line' id='line_1_15' title="bbox 413 3069 1446 3154; baseline 0.002 -22"><span class='ocrx_word' id='word_1_107' title='bbox 413 3069 540 3133; x_wconf 89' lang='lat' dir='ltr'>Bellum</span> <span class='ocrx_word' id='word_1_108' title='bbox 569 3090 668 3152; x_wconf 83' lang='lat' dir='ltr'>grave</span> <span class='ocrx_word' id='word_1_109' title='bbox 702 3075 734 3132; x_wconf 92' lang='lat' dir='ltr'>et</span> <span class='ocrx_word' id='word_1_110' title='bbox 766 3069 983 3154; x_wconf 88' lang='lat' dir='ltr'>periculosum</span> <span class='ocrx_word' id='word_1_111' title='bbox 1011 3070 1227 3154; x_wconf 84' lang='lat' dir='ltr'>gladiatorum</span> <span class='ocrx_word' id='word_1_112' title='bbox 1259 3093 1279 3136; x_wconf 93' lang='lat' dir='ltr'>a</span> <span class='ocrx_word' id='word_1_113' title='bbox 1306 3071 1446 3136; x_wconf 87' lang='lat' dir='ltr'>tumultu</span> 
     </span>
     <span class='ocr_line' id='line_1_16' title="bbox 324 3175 1446 3261; baseline 0.001 -21"><span class='ocrx_word' id='word_1_114' title='bbox 324 3175 487 3260; x_wconf 82' lang='lat' dir='ltr'>Capueusi</span> <span class='ocrx_word' id='word_1_115' title='bbox 525 3177 652 3242; x_wconf 90' lang='lat' dir='ltr'>initium</span> <span class='ocrx_word' id='word_1_116' title='bbox 689 3178 827 3261; x_wconf 81' lang='lat' dir='ltr'>cepisse,</span> <span class='ocrx_word' id='word_1_117' title='bbox 872 3198 945 3240; x_wconf 90' lang='lat' dir='ltr'>cum</span> <span class='ocrx_word' id='word_1_118' title='bbox 980 3176 1072 3240; x_wconf 88' lang='lat' dir='ltr'>LXX</span> <span class='ocrx_word' id='word_1_119' title='bbox 1102 3179 1171 3242; x_wconf 89' lang='lat' dir='ltr'>fere</span> <span class='ocrx_word' id='word_1_120' title='bbox 1203 3180 1288 3242; x_wconf 83' lang='lat' dir='ltr'>servi</span> <span class='ocrx_word' id='word_1_121' title='bbox 1321 3201 1339 3243; x_wconf 94' lang='lat' dir='ltr'>e</span> <span class='ocrx_word' id='word_1_122' title='bbox 1370 3179 1446 3242; x_wconf 92' lang='lat' dir='ltr'>ludo</span> 
     </span>
     <span class='ocr_line' id='line_1_17' title="bbox 324 3283 1446 3370; baseline 0.002 -23"><span class='ocrx_word' id='word_1_123' title='bbox 324 3284 452 3348; x_wconf 86' lang='lat' dir='ltr'>Lentuli</span> <span class='ocrx_word' id='word_1_124' title='bbox 491 3283 658 3368; x_wconf 81' lang='lat' dir='ltr'>ingerent,</span> <span class='ocrx_word' id='word_1_125' title='bbox 708 3306 821 3348; x_wconf 90' lang='lat' dir='ltr'>omues</span> <span class='ocrx_word' id='word_1_126' title='bbox 863 3306 971 3348; x_wconf 87' lang='lat' dir='ltr'>rerum</span> <span class='ocrx_word' id='word_1_127' title='bbox 1014 3285 1186 3370; x_wconf 81' lang='lat' dir='ltr'>scriptores</span> <span class='ocrx_word' id='word_1_128' title='bbox 1228 3286 1446 3365; x_wconf 82' lang='lat' dir='ltr'>consentiuut3</span> 
     </span>
     <span class='ocr_line' id='line_1_18' title="bbox 323 3392 1447 3477; baseline 0 -22"><span class='ocrx_word' id='word_1_129' title='bbox 323 3392 431 3477; x_wconf 90' lang='lat' dir='ltr'>priore</span> <span class='ocrx_word' id='word_1_130' title='bbox 455 3392 676 3455; x_wconf 87' lang='lat' dir='ltr'>coniuratione</span> <span class='ocrx_word' id='word_1_131' title='bbox 695 3392 859 3476; x_wconf 81' lang='lat' dir='ltr'>patefacta</span> <span class='ocrx_word' id='word_1_132' title='bbox 875 3393 1066 3477; x_wconf 87' lang='lat' dir='ltr'>Spartacum</span> <span class='ocrx_word' id='word_1_133' title='bbox 1083 3393 1216 3458; x_wconf 88' lang='lat' dir='ltr'>alteram</span> <span class='ocrx_word' id='word_1_134' title='bbox 1234 3414 1306 3457; x_wconf 91' lang='lat' dir='ltr'>cum</span> <span class='ocrx_word' id='word_1_135' title='bbox 1324 3393 1447 3456; x_wconf 89' lang='lat' dir='ltr'>maiore</span> 
     </span>
     <span class='ocr_line' id='line_1_19' title="bbox 324 3499 1446 3584; baseline 0.001 -21"><span class='ocrx_word' id='word_1_136' title='bbox 324 3504 442 3563; x_wconf 83' lang='lat' dir='ltr'>eventu</span> <span class='ocrx_word' id='word_1_137' title='bbox 471 3499 648 3563; x_wconf 86' lang='lat' dir='ltr'>concitasse</span> <span class='ocrx_word' id='word_1_138' title='bbox 681 3521 764 3562; x_wconf 90' lang='lat' dir='ltr'>uuus</span> <span class='ocrx_word' id='word_1_139' title='bbox 792 3499 987 3564; x_wconf 87' lang='lat' dir='ltr'>Plutarchus</span> <span class='ocrx_word' id='word_1_140' title='bbox 1016 3502 1189 3564; x_wconf 88' lang='lat' dir='ltr'>memoriae</span> <span class='ocrx_word' id='word_1_141' title='bbox 1213 3501 1324 3564; x_wconf 89' lang='lat' dir='ltr'>tradit:</span> <span class='ocrx_word' id='word_1_142' title='bbox 1359 3499 1446 3584; x_wconf 86' lang='grc' dir='ltr'>ἐβου·</span> 
     </span>
     <span class='ocr_line' id='line_1_20' title="bbox 323 3605 1448 3692; baseline 0.001 -22"><span class='ocrx_word' id='word_1_143' title='bbox 323 3605 474 3671; x_wconf 80' lang='grc' dir='ltr'>λείισαντο</span> <span class='ocrx_word' id='word_1_144' title='bbox 510 3609 565 3691; x_wconf 84' lang='grc' dir='ltr'>μὲν</span> <span class='ocrx_word' id='word_1_145' title='bbox 599 3607 749 3670; x_wconf 78' lang='grc' dir='ltr'>διακόσιοι</span> <span class='ocrx_word' id='word_1_146' title='bbox 784 3607 918 3692; x_wconf 79' lang='grc' dir='ltr'>φεύγειν,</span> <span class='ocrx_word' id='word_1_147' title='bbox 953 3607 1118 3692; x_wconf 76' lang='grc' dir='ltr'>γενομένης</span> <span class='ocrx_word' id='word_1_148' title='bbox 1153 3608 1186 3671; x_wconf 89' lang='grc' dir='ltr'>δὲ</span> <span class='ocrx_word' id='word_1_149' title='bbox 1221 3607 1379 3692; x_wconf 78' lang='grc' dir='ltr'>μηνύσεως</span> <span class='ocrx_word' id='word_1_150' title='bbox 1418 3607 1448 3672; x_wconf 88' lang='grc' dir='ltr'>οί</span> 
     </span>
     <span class='ocr_line' id='line_1_21' title="bbox 325 3713 1448 3799; baseline -0.001 -19"><span class='ocrx_word' id='word_1_151' title='bbox 325 3714 568 3798; x_wconf 68' lang='grc' dir='ltr'>προαισθόμενοι</span> <span class='ocrx_word' id='word_1_152' title='bbox 608 3716 661 3778; x_wconf 83' lang='lat' dir='ltr'>aot</span> <span class='ocrx_word' id='word_1_153' title='bbox 696 3715 877 3798; x_wconf 65' lang='grc' dir='ltr'>φθάσαντες</span> <span class='ocrx_word' id='word_1_154' title='bbox 912 3715 1106 3799; x_wconf 78' lang='grc' dir='ltr'>ὀγδοήκοντα</span> <span class='ocrx_word' id='word_1_155' title='bbox 1141 3715 1222 3779; x_wconf 84' lang='grc' dir='ltr'>δυεῖν</span> <span class='ocrx_word' id='word_1_156' title='bbox 1256 3713 1375 3791; x_wconf 77' lang='grc' dir='ltr'>δέοντες</span> <span class='ocrx_word' id='word_1_157' title='bbox 1409 3716 1448 3779; x_wconf 73' lang='grc' dir='ltr'>ἔνι</span> 
     </span>
     <span class='ocr_line' id='line_1_22' title="bbox 322 3819 1447 3907; baseline 0 -21"><span class='ocrx_word' id='word_1_158' title='bbox 322 3842 405 3899; x_wconf 88' lang='grc' dir='ltr'>τινος</span> <span class='ocrx_word' id='word_1_159' title='bbox 432 3819 594 3886; x_wconf 81' lang='grc' dir='ltr'>ὀπτανείου</span> <span class='ocrx_word' id='word_1_160' title='bbox 622 3822 752 3899; x_wconf 86' lang='grc' dir='ltr'>κοπίδας</span> <span class='ocrx_word' id='word_1_161' title='bbox 782 3822 928 3907; x_wconf 80' lang='grc' dir='ltr'>ἀράμενοι</span> <span class='ocrx_word' id='word_1_162' title='bbox 956 3824 1010 3885; x_wconf 84' lang='grc' dir='ltr'>καί</span> <span class='ocrx_word' id='word_1_163' title='bbox 1034 3821 1215 3906; x_wconf 80' lang='grc' dir='ltr'>ὀβελίσκους</span> <span class='ocrx_word' id='word_1_164' title='bbox 1238 3820 1447 3906; x_wconf 57' lang='lat' dir='ltr'>sermenem</span> 
     </span>
     <span class='ocr_line' id='line_1_23' title="bbox 325 3928 1448 3994; baseline 0.002 -3"><span class='ocrx_word' id='word_1_165' title='bbox 325 3928 510 3992; x_wconf 89' lang='lat' dir='ltr'>meminisse</span> <span class='ocrx_word' id='word_1_166' title='bbox 538 3928 688 3992; x_wconf 89' lang='lat' dir='ltr'>conducit</span> <span class='ocrx_word' id='word_1_167' title='bbox 717 3930 872 3993; x_wconf 90' lang='lat' dir='ltr'>ducentos</span> <span class='ocrx_word' id='word_1_168' title='bbox 901 3950 1010 3992; x_wconf 85' lang='lat' dir='ltr'>servos</span> <span class='ocrx_word' id='word_1_169' title='bbox 1040 3929 1107 3992; x_wconf 87' lang='lat' dir='ltr'>fere</span> <span class='ocrx_word' id='word_1_170' title='bbox 1130 3929 1228 3992; x_wconf 88' lang='lat' dir='ltr'>XXX</span> <span class='ocrx_word' id='word_1_171' title='bbox 1251 3929 1345 3993; x_wconf 91' lang='lat' dir='ltr'>anuis</span> <span class='ocrx_word' id='word_1_172' title='bbox 1372 3935 1448 3994; x_wconf 90' lang='lat' dir='ltr'>aute</span> 
     </span>
     <span class='ocr_line' id='line_1_24' title="bbox 325 4034 1444 4121; baseline 0.002 -23"><span class='ocrx_word' id='word_1_173' title='bbox 325 4034 457 4118; x_wconf 81' lang='lat' dir='ltr'>Capuae</span> <span class='ocrx_word' id='word_1_174' title='bbox 480 4036 671 4099; x_wconf 87' lang='lat' dir='ltr'>seditionem</span> <span class='ocrx_word' id='word_1_175' title='bbox 695 4037 845 4118; x_wconf 81' lang='lat' dir='ltr'>movisse,</span> <span class='ocrx_word' id='word_1_176' title='bbox 870 4058 968 4121; x_wconf 91' lang='lat' dir='ltr'>quam</span> <span class='ocrx_word' id='word_1_177' title='bbox 984 4035 1147 4101; x_wconf 90' lang='lat' dir='ltr'>Diodorus</span> <span class='ocrx_word' id='word_1_178' title='bbox 1165 4036 1291 4100; x_wconf 89' lang='lat' dir='ltr'>Siculus</span> <span class='ocrx_word' id='word_1_179' title='bbox 1308 4037 1361 4117; x_wconf 81' lang='lat'>36,</span> <span class='ocrx_word' id='word_1_180' title='bbox 1379 4040 1410 4118; x_wconf 82' lang='lat'>2,</span> <span class='ocrx_word' id='word_1_181' title='bbox 1429 4039 1444 4100; x_wconf 91' lang='lat'>1</span> 
     </span>
     <span class='ocr_line' id='line_1_25' title="bbox 325 4142 1447 4230; baseline 0.004 -25"><span class='ocrx_word' id='word_1_182' title='bbox 325 4148 447 4206; x_wconf 90' lang='lat' dir='ltr'>narrat:</span> <span class='ocrx_word' id='word_1_183' title='bbox 473 4143 600 4228; x_wconf 75' lang='grc' dir='ltr'>δευτέρα</span> <span class='ocrx_word' id='word_1_184' title='bbox 621 4144 828 4220; x_wconf 83' lang='grc' dir='ltr'>ἐπανάστασις</span> <span class='ocrx_word' id='word_1_185' title='bbox 849 4145 870 4230; x_wconf 79' lang='grc' dir='ltr'><strong><em>ἡ</em></strong></span> <span class='ocrx_word' id='word_1_186' title='bbox 889 4147 958 4228; x_wconf 85' lang='grc' dir='ltr'>περί</span> <span class='ocrx_word' id='word_1_187' title='bbox 977 4142 1112 4230; x_wconf 78' lang='grc' dir='ltr'>Καπύην</span> <span class='ocrx_word' id='word_1_188' title='bbox 1132 4145 1297 4210; x_wconf 80' lang='grc' dir='ltr'>διακοσίων</span> <span class='ocrx_word' id='word_1_189' title='bbox 1318 4147 1447 4209; x_wconf 80' lang='grc' dir='ltr'>οἰκετῶν</span> 
     </span>
     <span class='ocr_line' id='line_1_26' title="bbox 322 4248 1448 4335; baseline 0.004 -23"><span class='ocrx_word' id='word_1_190' title='bbox 322 4250 526 4314; x_wconf 81' lang='grc' dir='ltr'>ἀποστάντων</span> <span class='ocrx_word' id='word_1_191' title='bbox 549 4253 601 4314; x_wconf 82' lang='grc' dir='ltr'>καί</span> <span class='ocrx_word' id='word_1_192' title='bbox 631 4255 710 4335; x_wconf 82' lang='grc' dir='ltr'>ταχὺ</span> <span class='ocrx_word' id='word_1_193' title='bbox 739 4248 972 4316; x_wconf 71' lang='grc' dir='ltr'>κολασθέντων.</span> <span class='ocrx_word' id='word_1_194' title='bbox 1020 4252 1126 4323; x_wconf 78' lang='lat' dir='ltr'>Quid?</span> <span class='ocrx_word' id='word_1_195' title='bbox 1173 4251 1344 4316; x_wconf 86' lang='lat' dir='ltr'>Sallustius</span> <span class='ocrx_word' id='word_1_196' title='bbox 1375 4273 1448 4316; x_wconf 84' lang='lat' dir='ltr'>cum</span> 
     </span>
    </p>
   </div>
   <div class='ocr_carea' id='block_1_5' title="bbox 0 0 1695 5184">
    <p class='ocr_par' dir='ltr' id='par_1_6' title="bbox 0 0 1695 5184">
     <span class='ocr_line' id='line_1_27' title="bbox 0 0 1695 5184; baseline 0 0"><span class='ocrx_word' id='word_1_197' title='bbox 0 0 1695 5184; x_wconf 95' lang='lat' dir='ltr'> </span> 
     </span>
    </p>
   </div>
  </div>
 </body>
</html>
