3367 5184
687 631 907 690 -27-

241 807 335 870 ltalia
369 806 554 890 oppressa“.
601 805 706 877 Quid?
742 805 916 870 abhorrere
951 807 1031 870 dicis
1065 807 1217 870 Orosium
1241 807 1357 887 u,9,l?

243 922 332 992 „orta
354 921 522 998 praeterea
544 915 575 977 in
602 914 710 978 Sicilia
734 914 808 978 belli
833 914 958 976 servilis
982 915 1130 996 contagio
1154 915 1271 977 multas
1294 915 1358 976 late

240 1020 349 1084 infecit
365 1023 557 1105 provincias,
582 1043 656 1084 uam
673 1037 705 1084 et
719 1021 892 1086 Minturnis
917 1071 923 1083 .
949 1070 956 1082 .
983 1021 1023 1099 .“,
1048 1022 1104 1084 sed
1121 1043 1216 1104 quem
1237 1042 1358 1085 annum

241 1128 479 1212 significaverit,
504 1131 589 1212 quod
611 1136 707 1192 antea
722 1129 762 1192 de
778 1138 881 1192 morte
897 1127 968 1191 Tib.
983 1127 1122 1192 Gracchi
1138 1129 1242 1212 deque
1258 1129 1358 1191 Attali

241 1237 324 1319 regis
355 1243 546 1300 testamento
575 1237 676 1300 verba
704 1237 795 1316 facit,
834 1243 964 1320 praeter
995 1236 1097 1298 ullum
1129 1236 1261 1298 dubium
1293 1216 1358 1314 est,

240 1344 348 1425 itaque
369 1332 429 1406 lioo
450 1344 519 1407 loco
541 1365 606 1408 non
623 1351 748 1408 sextum
766 1344 822 1408 sed
839 1350 989 1407 octavum
1005 1349 1038 1406 et
1054 1343 1356 1428 quinquagesimum

241 1451 389 1514 annalem
413 1451 485 1515 Livi
508 1453 646 1536 respicit.
696 1453 828 1515 Sextum
852 1457 884 1513 et
906 1451 1209 1534 quinquagesimum
1229 1450 1356 1528 librum,
1429 1463 1437 1480 ⁸

240 1557 280 1620 de
315 1559 405 1634 cuius
440 1560 592 1643 periocha
624 1567 656 1622 et
688 1559 898 1642 epitomatore
927 1558 1133 1642 Obsequente
1161 1579 1213 1620 res
1241 1559 1357 1641 agitur,

240 1665 337 1729 trium
369 1688 526 1730 annorum
550 1667 718 1730 historiam
743 1666 908 1730 continere
932 1665 1027 1729 scito:
1076 1687 1150 1728 uam
1183 1687 1268 1730 arrno
1295 1664 1355 1727 136
1450 1666 1452 1670 ’

241 1773 376 1838 Brutum
400 1796 472 1838 cum
497 1773 665 1854 Callaecis,
689 1774 847 1858 Lepidum
872 1774 1027 1837 adversus
1047 1774 1212 1838 Vaccaeos
1235 1795 1358 1858 pugna-

239 1880 323 1944 visse
348 1882 537 1965 Obsequens
559 1885 614 1960 25,
637 1871 679 1946 84
703 1881 820 1945 additis
843 1881 1012 1944 consulum
1037 1881 1219 1944 nominibus
1250 1881 1357 1961 tradit,

240 1987 390 2072 idemque
418 1992 471 2068 26,
494 1991 535 2054 85
559 1991 705 2074 proximo
729 2010 813 2052 anuo
837 1988 1032 2052 Numantiae
1056 2010 1107 2051 res
1140 1990 1224 2052 male
1252 1994 1358 2072 gestas

241 2117 310 2160 esse
339 2097 521 2175 confirmem
561 2119 625 2180 qua
657 2104 789 2181 propter
821 2097 947 2160 etiamsi
985 2097 1061 2159 anni
1095 2098 1165 2162 134.
1188 2097 1357 2160 consulum

240 2204 373 2266 nomina
400 2225 464 2268 non
493 2206 661 2288 posuisset,
701 2210 809 2266 tamen
838 2204 899 2266 hoc
927 2225 1011 2266 anno
1041 2198 1188 2267 bellum
1216 2204 1257 2267 de
1285 2204 1358 2267 Livi

240 2311 390 2395 opinione
414 2315 482 2395 geri
507 2319 655 2397 coeptum
680 2333 750 2375 esse
775 2312 1050 2375 concluderemus.

331 2419 393 2482 Sed
417 2420 605 2484 tumultus
628 2420 841 2504 iampridem
866 2418 1010 2482 fuerunt!
1058 2418 1159 2496 Sane,
1188 2440 1268 2502 quos
1292 2440 1356 2482 uno

241 2547 324 2589 anno
349 2533 423 2590 ante
447 2527 607 2591 exstitisse
631 2533 740 2612 aperte
765 2527 900 2590 Orosius
928 2529 958 2608 5,
985 2529 1015 2605 6,
1041 2527 1060 2588 3
1084 2527 1175 2589 dicit:
1225 2527 1357 2607 „Servio

240 2633 353 2696 Fulvio
371 2633 487 2697 Flacco
504 2633 541 2706 Q.
556 2633 730 2719 Oalpurnio
748 2614 866 2698 Pisone
890 2633 1074 2696 consulibus
1099 2685 1106 2696 .
1131 2683 1139 2696 .
1165 2683 1171 2694 .
1197 2635 1229 2696 in
1248 2635 1358 2698 Sicilia

242 2741 360 2804 bellum
385 2743 500 2805 servile
531 2749 635 2806 ortum
666 2749 728 2821 est,
766 2741 851 2825 quod
875 2742 956 2804 adeo
980 2762 1155 2824 grave...
1181 2741 1356 2813 fuit...“;

240 2869 278 2910 ex
303 2848 363 2912 hoc
386 2849 485 2931 igitur
508 2871 592 2912 anno
617 2850 771 2914 tumultus
796 2848 973 2912 Siciliensis
996 2855 1135 2911 aetatem
1159 2847 1286 2912 Livium
1311 2869 1357 2911 re-

241 2961 348 3037 petere
371 2956 442 3018 luce
466 2956 583 3020 clarius
607 2963 655 3020 est
675 2977 780 3040 neque
801 2956 969 3019 commodo
990 2955 1060 3033 luit,
1084 2955 1170 3038 quod
1190 2956 1251 3018 viri
1272 2955 1357 3018 docti

239 3061 395 3140 rationem
410 3063 478 3125 eius
489 3083 603 3146 parum
618 3063 813 3141 habuerunt3
839 3084 978 3146 namque
996 3083 1060 3126 uon
1073 3062 1178 3126 solum
1189 3063 1357 3126 consulum

241 3169 370 3232 nomina
394 3169 527 3233 Orosius
551 3171 654 3252 affert,
678 3172 735 3234 sed
759 3171 856 3233 etiam
880 3173 1005 3232 Aetnae
1029 3171 1241 3253 eruptionem,
1265 3170 1358 3254 quasi

239 3276 364 3340 futuras
387 3277 585 3341 calamitates
608 3278 733 3342 insulae
756 3279 973 3361 portenderet,
998 3277 1208 3342 antecessisse
1231 3287 1356 3357 narrat3

240 3405 337 3466 quam
354 3385 402 3448 bis
417 3385 480 3449 illis
496 3385 693 3470 temporibus
709 3385 849 3448 flammis
864 3386 1046 3449 abundasse
1058 3392 1191 3461 constat,
1216 3385 1356 3469 primum

241 3511 324 3555 anno
345 3494 418 3566 140,
440 3493 558 3556 iterum
575 3515 603 3556 a.
621 3493 692 3573 135,
717 3515 780 3577 quo
799 3500 832 3556 ut
849 3493 1039 3577 Obsequens
1055 3495 1108 3573 26,
1122 3494 1164 3558 85
1181 3495 1357 3559 memoriae

240 3599 391 3681 prodidit,
408 3601 583 3666 maioribus
596 3601 689 3664 solito
701 3600 841 3664 flammis
857 3600 945 3673 arsit.
959 3601 1051 3672 Quae
1063 3621 1136 3665 cum
1149 3602 1270 3684 optime
1280 3622 1355 3665 cou-
1436 3659 1439 3662 ,

240 3712 358 3787 gruant
378 3706 568 3772 coniecturis
592 3708 731 3791 spatium
754 3689 820 3772 non
845 3708 1045 3790 relinquitur,
1067 3709 1128 3771 nisi
1149 3708 1232 3772 forte
1248 3730 1355 3772 rerum

240 3814 429 3898 scriptorem
441 3815 613 3900 quendam,
635 3837 698 3900 quo
710 3817 812 3899 magis
825 3816 949 3878 animos
958 3821 1112 3896 moveret,
1128 3837 1180 3879 res
1192 3817 1237 3880 ita
1248 3816 1356 3904 dispo·

240 3921 460 4001 suissecredis,
472 3924 631 3986 uthellum
641 3924 757 3988 servile
767 3923 854 4007 quod
863 3944 922 4007 per
933 3923 1049 3988 multos
1057 3945 1159 3987 annos
1169 3924 1233 3988 iam
1243 3923 1358 3989 luisset

241 4049 313 4090 oum
320 4030 443 4094 Aetnae
456 4031 623 4116 eruptione
636 4037 857 4116 componeret3
873 4031 959 4114 quod
970 4031 997 4093 si
1008 4031 1141 4110 iudicas,
1154 4032 1355 4116 opponimus,

241 4134 318 4218 quin
334 4145 460 4202 ostenta
475 4160 558 4222 quae
574 4146 669 4203 antea
685 4139 816 4202 luerunt
831 4139 891 4202 iste
911 4139 1054 4222 elegerit,
1079 4141 1154 4223 quiu
1171 4141 1355 4205 incendium

241 4243 323 4328 Regi
340 4246 428 4308 urbis
438 4267 604 4310 servorum
616 4246 772 4310 tumultus
787 4253 819 4312 ct
835 4247 951 4312 caedes
966 4246 1164 4331 significasse
1179 4248 1356 4312 tradiderit.
