3367 5184
687 668 907 732 -13-

238 846 319 922 ὅστις
356 843 526 928 Αἰγυπτίαν
565 845 762 930 ὠνησάμενος
799 847 988 932 asperserat
1025 846 1215 912 ἐπεπλέκετο
1243 850 1356 933 about.

238 951 389 1016 Ceterum
413 953 626 1018 deterioribus
649 953 792 1018 fontibus
815 954 861 1036 fit,
885 960 921 1017 ut
937 975 1001 1018 non
1017 975 1091 1018 oum
1108 954 1220 1017 eadem
1238 955 1357 1039 proba-

236 1059 359 1145 bilitate
384 1061 484 1124 altero
509 1082 605 1144 quam
628 1061 735 1145 priore
759 1062 844 1126 bello
868 1062 1018 1126 histo-rias
1041 1061 1194 1125 Posidoni
1220 1060 1358 1125 Diodori

237 1167 359 1231 fontem
400 1167 499 1232 luisse
540 1168 732 1233 concludere
762 1170 938 1254 possimus,
985 1190 1081 1254 quam
1110 1168 1235 1232 difficili
1258 1168 1388 1251 igitur*

237 1275 470 1360 scopulosoque
515 1275 586 1340 loco
631 1278 868 1360 argumentatio
915 1284 1025 1340 nostra
1070 1284 1227 1354 versetur,
1274 1275 1356 1338 bene

237 1382 462 1466 intellegimus.
1386 1379 1389 1384 ¹

326 1488 458 1554 Praeter
473 1489 683 1556 Posidonium
703 1492 840 1556 alterum
861 1498 1026 1555 auctorem
1042 1490 1206 1556 Diodorus
1229 1499 1357 1556 secutus

237 1600 295 1675 est,
330 1596 420 1660 cuius
452 1619 568 1661 nomen
597 1597 629 1662 e't
655 1598 753 1662 fidem
782 1599 877 1683 plane
901 1599 1088 1682 ignoramus
1116 1606 1267 1684 atquem
1291 1621 1355 1663 uno

236 1709 360 1768 tantum
384 1704 455 1768 loco
480 1705 532 1784 36,
560 1705 655 1786 10,=3
679 1707 896 1770 internoscere
919 1728 1100 1791 possumus.

326 1899 469 1964 Diodoro
503 1901 694 1966 Strabonem
726 1908 759 1965 et
790 1901 1002 1981 Plutarchum
1034 1902 1245 1984 adnectimus,
1289 1923 1355 1966 nou

236 2007 322 2090 quod
345 2013 474 2092 praeter
496 2008 587 2073 illum
609 2010 793 2092 gravissimi
814 2017 961 2074 auctores
978 2010 1172 2075 seditionum
1187 2031 1356 2074 servorum

236 2113 328 2178 nobis
344 2115 417 2196 sint,
442 2116 498 2180 sed
515 2116 591 2201 quia
607 2115 728 2180 fontem
745 2138 783 2181 ex
799 2117 877 2202 ipsis
894 2119 1044 2201 cognosci
1059 2139 1153 2201 posse
1169 2118 1355 2202 opinamur3

236 2242 311 2284 nam
342 2221 381 2285 de
412 2221 509 2288 Floro
538 2223 744 2309 Obseqnente
771 2224 897 2303 Oresio,
932 2231 1106 2310 antequam
1133 2246 1245 2289 eorum
1272 2225 1355 2289 rela-

236 2329 338 2393 tiones
382 2351 453 2394 cunr
494 2331 567 2395 Livi
605 2331 765 2415 periochis
805 2333 1081 2415 comparavimus,
1119 2338 1207 2396 certa
1247 2333 1355 2417 opinio

236 2437 333 2500 statui
355 2438 475 2521 nequit.

325 2544 441 2609 Strabo
480 2568 589 2631 geogr.
615 2550 646 2628 6,
676 2552 694 2610 ‘l
719 2573 762 2602 =
786 2569 861 2633 pag⁴
885 2545 1112 2629 aee—2750,
1145 2568 1209 2631 quo
1252 2547 1356 2631 capite

236 2652 364 2716 Siciliae
387 2655 512 2718 insulae
536 2655 631 2718 situm
655 2656 797 2739 exponit,
820 2675 925 2739 pauca
949 2634 989 2718 de
1012 2655 1119 2739 priore
1143 2652 1227 2717 bello
1244 2653 1354 2737 fugiti-

235 2781 348 2824 vorum
387 2762 610 2826 memorabilia
648 2770 776 2842 narrat;
823 2763 914 2826 cuius
953 2762 1060 2826 fontes
1099 2761 1131 2824 in
1167 2761 1354 2824 universum

235 2866 366 2931 difficile
404 2877 453 2934 est
490 2871 682 2952 discernere,
723 2872 808 2956 quod
846 2870 994 2956 plurimis
1029 2871 1119 2949 locis,
1157 2889 1355 2953 quamquam

236 2973 354 3038 multos
377 2998 485 3041 rerum
509 2979 679 3062 scriptores
703 2979 744 3042 ad
762 2979 905 3042 Siciliam
929 2976 1176 3041 describendam
1199 2996 1273 3038 eum
1298 2976 1355 3039 ad·

235 3081 378 3145 hibuisse
413 3091 556 3168 apparet,
596 3092 631 3148 ut
656 3085 864 3149 Hecataeum
893 3084 1087 3148 Antiochum
1116 3084 1354 3168 Syracusanum

234 3187 401 3272 Ephorum
425 3190 594 3256 Timaeum
622 3193 863 3256 Artemidorum
887 3191 1121 3277 Apollodorum
1145 3190 1354 3254 Posidonium

235 3295 425 3384 Agrippam,
461 3301 567 3366 neseio
598 3323 640 3366 an
669 3307 798 3386 praeter
828 3300 886 3363 hos
919 3298 1140 3383 Thucydidem
1170 3295 1352 3382 Polybium,

169 3445 190 3453 =·
235 3412 344 3470 tamen
373 3407 464 3474 libris
496 3431 607 3474 eorum
641 3411 686 3474 sio
718 3430 794 3472 usus
827 3415 876 3471 est
906 3408 974 3492 ipse
998 3406 1201 3470 doctissimus
1225 3405 1283 3483 vir,
1319 3411 1355 3467 ut

235 3535 479 3601 nonnumquam
502 3523 610 3582 utrum
630 3519 715 3580 hunc
732 3516 855 3580 fontem
872 3514 1076 3598 exscripserit
1092 3534 1134 3576 an
1150 3511 1354 3596 illumplane

234 3623 433 3706 ignoremus3
476 3625 599 3690 accedit
621 3625 706 3710 quod
732 3625 844 3688 crebro
868 3621 976 3707 plures
1000 3626 1147 3684 auctores
1170 3619 1260 3704 legit,
1296 3619 1353 3682 sed

235 3731 354 3807 nullius
371 3734 586 3799 narrationem
608 3738 736 3797 secutus
756 3731 994 3814 autrulgarem
1011 3727 1195 3812 opinionem
1211 3725 1354 3809 protulit,

234 3844 291 3901 aut
305 3839 338 3903 id
355 3840 421 3905 suis
436 3842 543 3906 verbis
560 3841 726 3926 expressit,
743 3839 827 3924 quod
846 3838 994 3902 omnibus
1009 3835 1176 3920 perpensis
1193 3833 1354 3896 sincerum

235 3949 263 4012 ei
287 3950 467 4014 videbatur.
514 3949 578 4014 Sed
602 3949 749 4032 exempla
772 3951 943 4031 ponantur,
968 3965 1032 4029 quo
1056 3941 1172 4006 clarius
1196 3940 1252 4003 fiat
1276 3939 1353 4024 quid

236 4057 419 4122 sentiamus.
863 4142 864 4145 Ἴ

323 4165 418 4230 Initio
447 4167 561 4250 capitis
589 4165 629 4229 de
656 4165 754 4228 variis
783 4163 966 4228 nominibus
989 4155 1114 4225 insulae
1132 4158 1237 4222 -verba
1260 4156 1353 4232 faoit3

235 4272 314 4334 haec
331 4278 405 4336 ante
422 4294 494 4337 eum
512 4273 717 4337 Hellanicunr
735 4270 956 4355 Thucydidem
972 4268 1144 4332 Philistum
1158 4264 1354 4338 Antiochum
