3367 5184
705 667 926 727 ...71-

253 841 528 906 Maurcnbrccher
561 843 733 926 putaverit.
768 877 809 886 -
845 841 980 906 Varinio
1007 849 1158 926 praetore
1181 845 1265 907 victo
1290 842 1375 925 (Lim

254 970 321 1033 per.
340 949 395 1026 95)
420 950 551 1014 servitia
574 971 639 1034 por¹
655 949 781 1013 ltaliam
803 951 1006 1033 vagabantur
1022 949 1152 1032 (liuta),
1176 951 1257 1015 alias
1280 951 1378 1014 nrbes

255 1061 287 1120 et
310 1054 518 1120 Consentiam
547 1064 579 1120 et
600 1056 822 1141 Metapontum
847 1059 1032 1137 vastabant,
1069 1064 1104 1122 ut
1127 1058 1261 1123 Orosius
1285 1057 1400 1136 dicitp

255 1162 426 1227 Sallustius
449 1163 563 1228 eadem
587 1165 706 1248 oppida
729 1171 762 1228 et
776 1162 894 1228 Nolam
914 1172 945 1228 et
960 1163 1133 1229 Nuceriam
1154 1167 1379 1230 nominaverat

255 1269 388 1351 (ntor.);
427 1293 532 1356 neque
556 1272 596 1336 de
619 1273 762 1337 hibernis
787 1272 935 1356 Spartaci
958 1273 1177 1337 Thurinorum
1201 1275 1235 1337 in
1259 1273 1377 1359 oppido

254 1377 372 1442 habitis
395 1378 525 1444 Livium
549 1381 687 1444 tacuisse
702 1380 755 1443 vol
777 1380 853 1443 inde
870 1380 1081 1461 concluditur,
1105 1381 1190 1465 qnod
1209 1381 1379 1466 Appianas

254 1484 379 1549 duobus
403 1486 545 1550 fontibus
567 1487 629 1551 hoc
653 1488 722 1552 loco
745 1487 913 1572 permixtis
936 1488 970 1551 in
995 1508 1137 1552 errorem
1161 1489 1201 1552 de
1218 1509 1378 1552 annornm

255 1592 378 1656 ratione
401 1594 552 1658 inductus
576 1601 637 1672 est3
676 1601 845 1678 praeterea
870 1594 1016 1658 conferas
1040 1594 1135 1659 Orosi
1158 1596 1258 1660 verba
1281 1595 1377 1658 haec:

258 1699 386 1784 „itaque
415 1721 488 1764 cum
517 1701 674 1764 incendiis
698 1702 820 1785 rapinis
845 1702 1027 1785 stuprisque
1051 1703 1160 1766 omnia
1183 1699 1375 1766 miscerent“

257 1828 330 1870 cum
355 1807 486 1872 Sallusti
510 1809 693 1893 fragmento
709 1809 869 1873 Vaticano
894 1809 924 1889 3,
947 1808 1023 1872 98ss
1050 1810 1089 1873 19
1100 1829 1151 1894 sq:
1178 1830 1312 1894 „rapere
1336 1809 1377 1872 ad

256 1921 402 1998 stuprum
426 1917 569 2000 virgines
599 1924 827 2001 matronasque
856 1923 888 1979 et
915 1915 971 1980 alii
995 1966 1001 1979 .
1029 1969 1036 1980 .
1061 1963 1070 1979 .
1106 1939 1192 1980 nunc
1219 1922 1378 1981 restantes

256 2029 288 2084 et
311 2022 499 2105 eludebant,
536 2025 631 2087 simul
655 2024 830 2088 nefandum
855 2024 888 2087 in
913 2024 1045 2089 modum
1068 2045 1219 2108 perverso
1242 2024 1378 2088 vulnere

256 2135 287 2191 et
309 2129 472 2194 interdum
495 2131 640 2194 lacerum
664 2152 780 2215 corpus
797 2131 1024 2195 semianimum
1041 2133 1240 2210 omittentcs3
1265 2131 1320 2196 alii
1345 2132 1377 2195 in

255 2243 339 2300 tecta
361 2237 523 2301 iaciebant
545 2238 630 2322 ignis
653 2239 810 2323 multique
835 2260 876 2301 ex
899 2239 969 2302 loco
991 2240 1085 2319 servi,
1109 2261 1189 2322 quos
1213 2239 1378 2324 ingenium

255 2344 358 2407 socios
387 2345 499 2425 dabat,
535 2345 645 2409 abdita
669 2367 687 2409 a
711 2345 849 2409 dominis
877 2352 934 2410 ant
957 2347 1043 2430 ipsos
1067 2346 1238 2410 trahebant
1261 2367 1300 2409 ex
1323 2367 1378 2409 oc·

256 2451 358 2530 cult03
395 2473 500 2536 neqne
532 2459 678 2516 sanctum
714 2459 770 2516 aut
801 2453 979 2517 nefandum
1012 2453 1184 2538 quicquam
1217 2454 1278 2517 fuit
1311 2452 1380 2516 irae

256 2557 469 2622 barbarorum
487 2565 519 2623 et
535 2560 643 2623 servili
659 2558 809 2644 ingenio“
829 2566 861 2623 et
876 2561 972 2644 paulo
992 2567 1066 2645 post
1082 2583 1184 2644 „qnos
1206 2559 1380 2623 crudeliter

255 2665 407 2730 caedibus
451 2669 656 2750 occupatos“.
697 2703 737 2712 -
777 2667 887 2732 Ludos
930 2668 1139 2753 gladiatorios
1178 2669 1379 2752 captivorum

255 2771 476 2836 Romanorum
499 2775 690 2858 Spartacum
712 2775 851 2839 edidisse
874 2757 959 2839 iuter
975 2775 1163 2839 Sallustium
1187 2782 1219 2839 et
1237 2775 1377 2852 Livium,

257 2900 451 2963 quamquam
477 2881 516 2944 de
541 2882 676 2965 singulis
699 2883 796 2946 rcbns
821 2883 1024 2965 dissentiunt,
1048 2885 1080 2947 in
1098 2885 1284 2947 universum
1302 2902 1377 2946 con-

255 2985 357 3064 venit3
405 3008 528 3071 neque,
577 2989 661 3072 qnod
708 3010 780 3052 cunr
827 2991 967 3074 Appiani
1014 2992 1121 3075 capita
1166 2997 1377 3054 tractaremus

255 3092 522 3175 intelleximnsl),
567 3096 606 3158 de
645 3095 791 3160 cladibus
831 3099 1014 3176 consulum,
1058 3119 1138 3182 quas
1170 3096 1262 3161 Cassi
1299 3096 1379 3180 fuga

255 3201 455 3284 proconsulis
494 3200 620 3265 Galliae
660 3203 831 3266 subsecuta
868 3210 932 3282 est,
972 3205 1136 3269 dissensus
1173 3205 1379 3288 reperiuntur

256 3307 335 3391 (per.
353 3309 425 3372 libri
452 3311 492 3373 96
517 3305 561 3394 -l-
585 3310 679 3374 Oros,
704 3339 741 3362 =
763 3310 850 3375 Flor.
874 3309 919 3397 -1-
942 3311 1060 3393 Plut.);
1092 3313 1208 3397 quibus
1232 3310 1378 3375 cladibus

255 3417 454 3500 gravissimis
501 3417 638 3483 Romam
685 3420 839 3482 nuntietis
889 3426 1037 3486 sanatum
1081 3441 1240 3484 summum
1280 3419 1377 3502 impe·

255 3523 338 3586 rium
370 3524 445 3588 belli
477 3525 600 3589 Licinio
632 3523 747 3590 Crasso
772 3527 943 3591 mandasse
966 3527 1043 3591 item
1068 3533 1250 3612 congruunt
1272 3545 1378 3608 neque

255 3629 294 3693 dc
319 3651 414 3710 auno,
446 3653 509 3716 quo
534 3633 593 3696 hoo
617 3633 738 3698 factum
763 3641 821 3714 est,
851 3633 964 3698 Livius
988 3656 1007 3698 a
1036 3634 1188 3698 Sallustio
1213 3633 1378 3711 abhorret3

254 3744 416 3820 postremo
448 3741 680 3824 expositionem
710 3740 815 3805 ultimi
848 3743 921 3806 huis
945 3742 1020 3806 belli
1042 3734 1156 3826 proelii
1180 3762 1278 3825 quam
1294 3739 1379 3803 Oro-

255 3845 321 3908 sius
336 3846 471 3930 profert:
498 3848 709 3932 „Spartacum
727 3849 882 3934 disposita
898 3851 967 3914 acie
984 3848 1211 3933 congressum“
1231 3847 1379 3911 conferas

255 3971 327 4044 curn
353 3952 518 4018 Plutarchi
542 3956 627 4019 vitae
652 3953 760 4020 Crassi
785 3977 855 4040 cup.
873 3960 909 4020 ll
938 3959 1021 4022 ἅπαν
1050 3955 1204 4042 παρέταξε
1226 3957 1262 4019 τὸ
1286 3953 1379 4038 erpoi-

254 4079 366 4144 τευμα;
406 4068 438 4125 et
471 4063 557 4147 quod
592 4065 710 4146 „ceteri
742 4064 797 4150 qui
821 4085 862 4127 ex
885 4065 945 4128 hoc
971 4065 1055 4129 bello
1079 4063 1161 4150 lapsi
1185 4063 1381 4127 oberrabant

254 4203 467 4214 Μ..-

332 4293 371 4360 ’1)
392 4291 455 4348 Vid.
470 4308 535 4362 pag.
550 4293 592 4348 56.
