3367 5184
764 659 985 723 ..604

309 823 446 925 praetor
458 838 597 904 Romam
614 837 715 918 misit3
740 837 872 902 tertium
889 843 1117 921 argumentum
1134 823 1251 900 nomeu
1272 824 1437 922 „Drsproiss

308 967 396 1011 κειον
420 944 530 1032 ἔργον“
556 945 699 1030 praehet,
724 944 764 1010 de
788 965 853 1029 quo
876 943 1292 1008 Maurenhrooheriuotam
1308 943 1329 1008 3
1344 943 1436 1029 pagi-

312 1075 375 1118 nae
398 1055 441 1116 44
463 1053 554 1116 initio
578 1033 674 1116 huius
698 1052 812 1137 capitis
835 1052 1015 1117 citavimus,
1410 1027 1418 1044 ⁰

403 1159 468 1223 Sed
490 1159 676 1241 redeamus,
715 1159 800 1223 undo
832 1159 944 1242 egredi
976 1161 1077 1223 ooaoti
1110 1181 1232 1224 sumus.
1278 1157 1363 1223 Nam
1396 1157 1437 1222 de

309 1268 377 1332 fine
401 1267 515 1351 ospitis
534 1268 596 1332 118
613 1261 718 1353 dequ'e
742 1267 833 1331 initio
857 1266 1056 1351 insequentis
1080 1266 1251 1353 (ὁποτέρως
1274 1261 1303 1330 δ’
1324 1264 1437 1350 ἔπραξε

309 1395 415 1460 usque
443 1374 484 1439 ad
513 1374 633 1461 θάρσος
660 1371 833 1460 μεταβολή)
863 1375 1009 1458 quaestio
1044 1375 1202 1458 quaedam
1235 1372 1437 1438 subdifficilis

309 1481 429 1561 oritur,
465 1487 574 1546 utrum
602 1491 644 1544 ex'
669 1481 784 1544 eodem
813 1501 855 1544 an
883 1502 901 1544 e
930 1481 1066 1545 diversis
1093 1481 1235 1546 lontibus
1259 1481 1341 1544 haec
1362 1500 1438 1564 pars

312 1589 506 1653 narrationis
534 1589 632 1652 ducta
659 1588 717 1666 sit;
763 1608 852 1672 quae.
879 1589 1040 1672 quaestio,
1078 1589 1204 1652 tametsi
1228 1589 1269 1652 de
1291 1588 1331 1651 iis
1355 1608 1437 1671 qnae

309 1695 509 1760 antecedunt
538 1683 571 1760 et
608 1715 692 1780 quae
730 1701 911 1779 sequuntur
945 1701 1065 1759 certam
1101 1697 1286 1780 opinionem
1322 1715 1437 1779 capere

309 1803 420 1868 eonati
448 1823 569 1882 sumus,
594 1810 701 1867 tamen
726 1824 767 1867 au
792 1803 833 1866 ad
859 1804 1003 1867 strictum
1027 1803 1126 1867 finem
1149 1803 1282 1888 perduoi
1298 1807 1438 1886 nequeat

314 1911 484 1974 nescimus.
531 1909 648 1994 Agitur
680 1911 720 1974 de
748 1897 901 1973 'cladibus
932 1929 1113 1974 servorum:
1137 1897 1288 1995 ¹primum
1319 1909 1437 1972 multos

311 2017 506 2102 ‘Spartaceos
529 2017 584 2102 qui
608 2039 628 2081 a
651 2017 774 2081 maiore
796 2023 890 2102 parte
913 2019 1073 2082 exercitus
1089 2014 1310 2081 discessissent
1325 2017 1437 2095 victos,

310 2130 382 2188 tum
410 2125 508 2188 etiam
539 2125 731 2209 Spartacum
764 2147 783 2188 a
815 2124 942 2189 Licinio
976 2123 1094 2189 Crasso
1122 2130 1309 2208 superatum
1337 2129 1369 2186 ot
1396 2122 1437 2186 ad

309 2231 394 2295 lines
418 2231 532 2296 ltaliae
559 2232 748 2317 propulsum
773 2253 859 2311 esse3
895 2253 1002 2317 quem,
1031 2253 1104 2296 oum
1136 2231 1303 2296 Samnium
1328 2236 1438 2314 petere

312 2346 493 2422 cogeretur,
532 2339 703 2404 duodecim
727 2338 816 2402 milia
849 2340 987 2403 militum
1015 2339 1208 2424 perdidiss03
1255 2337 1307 2401 hio
1339 2337 1438 2421 igitur

310 2445 340 2508 si
364 2446 560 2529 quaerimus,
589 2446 719 2530 quaudo
742 2467 814 2510 earn
838 2447 963 2509 oladenr
988 2446 1053 2509 dux
1076 2466 1242 2510 servorum
1267 2444 1436 2530 acceperit,

311 2557 350 2615 ut
361 2558 407 2616 tot
425 2553 542 2617 milites
560 2554 731 2633 amitteret,
752 2553 901 2617 dubitare
918 2574 1108 2638 possumus:
1134 2558 1190 2616 aut
1202 2573 1279 2616 oum
1293 2550 1437 2615 Thurino

310 2659 398 2723 uallo
423 2666 574 2743 superato
599 2661 833 2745 septentriones
858 2667 984 2745 peteret
1005 2666 1062 2724 aut
1084 2667 1258 2744 autequam
1282 2659 1437 2723 ePioeno

313 2766 478 2851 profectus
510 2768 543 2831 in
576 2768 740 2832 Bruttium
772 2769 912 2850 veniret,
952 2766 1088 2831 Crassus
1116 2789 1189 2831 eum
1219 2768 1351 2831 adortus
1379 2771 1437 2830 est.

314 2872 387 2937 lloo
420 2879 451 2937 et
483 2874 538 2938 alii
570 2881 686 2959 putant
718 2897 756 2938 oa
788 2897 887 2960 quam
923 2875 1122 2939 ostendimus
1153 2874 1343 2938 difficultate
1374 2894 1436 2937 non

292 2980 478 3044 'intellecta
510 2987 542 3044 et
573 2981 847 3047 Maureubrecher
874 2997 935 3066 'pro
969 2988 1056 3046 certo
1090 2983 1252 3058 aestimat,
1291 3003 1364 3046 cum
1397 2980 1438 3043 de

311 3088 446 3172 proelio,
483 3109 546 3172 quo
580 3089 754 3173 Spartacus
771 3086 922 3153 'evadere
947 3090 1132 3169 studuisset,
1164 3090 1319 3174 loquitur3
1358 3087 1439 3152 illud

311 3215 512 3279 quamquam
549 3197 654 3261 adhue
691 3217 786 3260 nemo
811 3197 1017 3279 deliberavit,
1056 3197 1156 3261 nihilo
1191 3196 1295 3281 magis
1328 3194 1438 3279 negle-

313 3302 456 3386 gendum
489 3309 554 3383 est,
594 3304 679 3388 quod
712 3303 904 3390 Spartacum
937 3305 1079 3389 praetori
1111 3303 1260 3368 Romano
1292 3304 1438 3387 ὑπεκχω·

312 3419 407 3494 ρῆσαι
437 3411 487 3474 διὰ
514 3408 688 3489 Λευκανίας
715 3413 758 3489 εἰς
781 3413 950 3477 θάλασσαν
973 3413 1060 3498 apud
1080 3412 1288 3475 Plutarchum
1313 3411 1439 3474 decimo

315 3517 420 3600 cupite
450 3518 605 3603 scriptum
636 3524 699 3599 est;
738 3525 813 3583 tuuc
845 3520 931 3583 euim
963 3519 1124 3583 ePioeno
1147 3519 1245 3599 veuit,
1285 3517 1438 3581 ulricum

314 3625 458 3687 exercitu
476 3621 576 3688 'eum
617 3626 851 3691 circumvenire
891 3628 1085 3712 nequiquam
1125 3625 1262 3690 Crassus
1306 3633 1461 3691 conatus·

311 3737 398 3811 erat3
444 3754 508 3817 qua
541 3754 614 3797 oum
649 3734 834 3798 narratione
870 3735 1035 3800 Plutarchi
1069 3732 1285 3820 (ὑπεξεχώρει)
1319 3734 1439 3818 optime

312 3839 468 3901 convenit
496 3840 637 3924 Appiani
672 3839 854 3926 βιαζομένου
890 3842 933 3918 εἰς
961 3844 1018 3925 τὴν
1049 3839 1213 3906 Σαυνίτιδα
1247 3842 1438 3926 διαδραμεῖν;

315 3944 440 4008 aooedit
463 3949 559 4030 quod,
580 3997 582 4000 .
600 3947 625 4010 si
656 3948 763 4011 stilum
788 3955 1024 4032 respectemus,
1060 3949 1245 4033 Appianum
1269 3969 1332 4011 nou
1363 3968 1439 4032 pro-

315 4050 498 4135 gredientes
531 4073 582 4116 res
615 4053 798 4138 significare
832 4056 887 4118 sed
918 4056 959 4119 ad
991 4055 1070 4119 illud
1104 4057 1234 4140 νικήσας
1264 4056 1318 4118 καί
1349 4054 1439 4121 τόνδε

311 4159 465 4244 λαμπρῶς
480 4159 590 4225 ἐδίωκε
606 4159 761 4246 φεύγοντα
777 4163 869 4246 quasi
886 4163 1126 4228 adnotationem
1140 4164 1218 4227 dare
1230 4161 1309 4225 illud
1326 4162 1440 4227 αὐτίκα

312 4265 417 4329 dooet.
457 4266 608 4352 Denique
625 4289 736 4332 servos
753 4276 922 4353 postquam
939 4291 957 4334 e
973 4270 1099 4336 Bruttio
1116 4277 1298 4351 evaseruut,
1323 4290 1436 4355 quam·
