3367 5184
696 652 824 714 ..·51
872 687 915 695 ,

243 847 316 892 sam
352 834 513 914 sumptam
549 849 620 894 esse
654 829 801 914 negarim
847 829 947 894 immo
981 830 1069 915 quod
1103 851 1202 894 unum
1234 828 1365 894 omnino

241 934 366 1000 fontem
376 935 587 1002 Plutarchum
597 931 819 1021 his'capitibus
836 944 981 1001 secutum
998 958 1069 1002 esse
1084 937 1364 1018 verisimillimum,

243 1063 285 1108 ne
324 1042 469 1107 dicamus
508 1049 632 1108 certum
671 1049 735 1123 ast,
778 1044 839 1108 hoc
887 1065 1015 1128 quoque
1055 1043 1207 1110 Sallustio
1226 1091 1229 1098 ·
1246 1044 1365 1109 rectius

240 1149 373 1214 attribui
390 1150 526 1216 videtur.
553 1149 705 1216 Ceterum
720 1151 926 1231 Plutarchus,
944 1173 1018 1216 cum
1035 1173 1100 1217 non
1116 1158 1181 1216 tam
1198 1173 1364 1216 servorum
1443 1222 1445 1225 ,

243 1257 414 1322 tumultum
445 1280 542 1343 quarn
567 1257 676 1323 Crassi
699 1260 798 1323 vitam
829 1280 982 1324 enarrare
1011 1260 1188 1340 statuisset,
1219 1280 1364 1344 eaquae

242 1363 352 1428 multis
390 1366 554 1432 declarata
591 1367 624 1432 in
668 1367 757 1432 fonte
796 1368 920 1452 legerat
957 1369 1068 1452 paucis
1103 1367 1363 1452 comprehendit3

241 1491 344 1554 quare
368 1475 527 1558 capitibus
550 1474 583 1538 X
605 1479 637 1538 et
651 1474 700 1538 Xl
724 1475 854 1559 saepius
877 1497 977 1560 quam
998 1476 1037 1539 iis
1061 1497 1144 1560 quae
1166 1475 1365 1559 praecedunt

174 1627 175 1632 1
242 1577 329 1644 illius
356 1583 493 1666 vestigia
520 1604 595 1647 eum
618 1583 745 1668 ingredi
768 1585 865 1647 etiarn
889 1605 949 1648 nos
964 1583 1121 1648 videmus.
1161 1582 1265 1655 Quid?
1289 1582 1365 1647 Plu-

242 1687 372 1752 tarchus
395 1690 486 1754 initio
510 1711 579 1775 cap.
605 1690 637 1754 X
660 1691 706 1754 sie
729 1691 842 1754 tradit:
870 1691 980 1756 πολλοὶ
1004 1692 1055 1756 διὰ
1077 1692 1169 1770 δόξαν
1193 1693 1364 1758 αὐτῶνκαὶ

240 1794 346 1879 φιλίαν
369 1797 610 1883 συνεστράτευον
632 1807 696 1862 τῶν
719 1797 893 1882 ἐπιφανῶν,
930 1798 1118 1862 Sallustium
1140 1798 1211 1882 ipsa
1234 1797 1365 1862 nomina

241 1901 374 1968 fortium
397 1904 558 1986 virorum,
595 1906 650 1990 qui
678 1906 711 1970 in
740 1904 851 1970 Crassi
878 1906 1008 1971 cohorte
1036 1905 1181 1986 fuerunt,
1219 1903 1365 1991 posuisse

241 2011 460 2094 suspicamur,
497 2033 580 2096 quae
610 2013 777 2077 brevitatis
802 2034 900 2076 causa
922 2012 1118 2077 Plutarchus
1141 2012 1278 2077 reticuit.
1325 2012 1364 2076 In

243 2117 383 2180 eundem
411 2117 543 2181 modum
577 2140 651 2183 aum
678 2140 747 2184 rem
774 2120 880 2203 egisse
899 2119 1060 2198 videmus,
1100 2121 1127 2182 si
1154 2120 1252 2204 longa
1278 2120 1364 2183 illius

240 2223 427 2308 fragmenta
438 2224 597 2290 Vaticana
621 2226 651 2308 3,
670 2227 712 2291 96
729 2232 761 2291 et
776 2225 866 2290 eall.
885 2248 959 2290 curn
975 2248 1060 2290 nono
1076 2228 1182 2311 capite
1198 2226 1363 2291 Plutarchi

241 2351 477 2416 comparamus.
504 2333 694 2415 -Restat,
731 2335 821 2398 utin
848 2356 945 2399 unam
970 2356 1054 2409 ram,
1089 2356 1162 2398 oum
1185 2335 1226 2398 de
1250 2336 1364 2400 ceteris

240 2438 363 2523 optime
386 2439 660 2505 Maurenhrechar
683 2441 880 2522 disseruerit,
909 2443 942 2506 in
957 2443 1056 2505 finem
1072 2442 1186 2526 capitis
1201 2442 1364 2506 undecimi

242 2546 317 2610 iude
342 2567 361 2610 a
384 2546 533 2632 Κράσσου
562 2549 595 2612 δὲ
624 2559 674 2634 τῆν
703 2549 794 2634 τύχηι
823 2549 1021 2634 χρησαμένου
1049 2549 1259 2634 inquiramus.
1294 2548 1363 2612 ‘De

241 2653 334 2716 cuius
362 2655 539 2738 particulae
564 2655 706 2719 lontibus
730 2677 789 2720 nos
813 2656 893 2719 nihil
917 2657 1000 2720 scire
1024 2656 1169 2721 confiteri
1193 2657 1362 2720 debemus:

241 2765 298 2823 aut
322 2780 361 2823 ex
385 2762 499 2825 eodem
522 2763 592 2826 loeo
617 2765 714 2846 e'quo
731 2763 857 2847 reliqua
871 2762 933 2827 hoc
948 2763 1140 2828 Plutarchus
1157 2764 1292 2852 sumpsit
1308 2768 1365 2827 aut
1403 2756 1406 2763 “

240 2887 260 2929 e
284 2888 348 2950 quo
372 2875 469 2953 caput
491 2869 729 2950 duodecimum,
763 2871 850 2954 quod
873 2877 921 2934 est
945 2870 984 2934 de
1008 2872 1175 2936 consulatu
1200 2869 1309 2935 Crassi
1332 2876 1366 2934 et

241 2972 394 3059 Pompei3
418 2976 475 3040 ssd
499 2978 682 3056 oraticnem
698 2976 853 3042 Crassum
877 2979 981 3063 egisse
994 2978 1165 3043 Sallustius
1188 2977 1363 3042 memoriae

241 3081 379 3164 prodere
403 3082 490 3146 haud
513 3084 666 3148 omiserit.

331 3186 399 3252 Nec
431 3189 526 3274 plura
551 3192 652 3255 verba
682 3191 722 3256 de
745 3194 830 3256 vitae
859 3193 994 3279 Pompei
1022 3193 1126 3278 capite
1149 3191 1232 3256 XXI
1254 3191 1363 3256 facere

241 3295 411 3360 consilium
435 3302 498 3377 est3
522 3320 556 3363 se
572 3300 642 3383 ipse
657 3298 851 3365 Plutarchus
868 3301 928 3365 hoc
944 3303 1014 3366 loco
1029 3301 1127 3386 paulo
1142 3300 1363 3384 indiligentius

241 3403 419 3488 exscripsit,
459 3406 514 3490 qui
542 3406 712 3471 duodecim
740 3409 831 3472 milia
858 3416 890 3474 et
918 3412 1077 3473 trecentos
1106 3409 1223 3473 milites
1249 3409 1362 3472 ultimo

240 3510 364 3595 proelio
382 3512 535 3577 cecidisse
552 3521 673 3596 namet,
698 3537 770 3579 cum
787 3516 821 3580 in
837 3515 944 3582 Crassi
961 3518 1029 3580 vita
1046 3516 1213 3580 tractanda
1230 3537 1363 3581 accurs-

241 3617 305 3682 tius
317 3640 385 3684 rem
399 3620 591 3706 exposuerit,
605 3620 773 3688 Gallorum
787 3625 873 3688 enim
884 3630 932 3689 tot
942 3625 1032 3689 milia
1041 3626 1152 3709 paucis
1162 3625 1276 3689 diebus
1288 3628 1363 3688 ante

239 3724 472 3792 cumGaunico
484 3734 516 3792 et
526 3727 622 3794 Casto
634 3730 770 3796 ducibus
780 3753 967 3816 supremum
978 3732 1063 3795 diem
1074 3732 1235 3809 obierant3
1248 3731 1363 3816 quade

239 3851 339 3896 causa
355 3832 565 3900 Plutarchum
583 3833 692 3904 Crassi
714 3839 813 3902 vitam
837 3839 1013 3924 scripsisse,
1038 3844 1211 3924 autequam
1227 3839 1363 3924 Pompei

239 3941 439 4025 compilarat,
471 3942 615 4008 iudicare
640 3965 771 4010 necesse
795 3953 854 4027 est,
891 3946 923 4010 id
949 3946 1034 4031 quod
1058 3946 1108 4010 his
1131 3946 1261 4030 quidam
1284 3946 1364 4010 locis

241 4049 397 4133 neglectis
412 4049 521 4115 multis
537 4051 609 4115 aliis
632 4054 830 4136 argumentis
847 4053 1012 4122 Michaelis
1020 4052 1046 4136 ¹)
1069 4055 1207 4139 probare
1230 4053 1362 4119 studuit.

333 4281 359 4350 1)
379 4281 583 4339 Michaelis:
603 4283 640 4340 de
659 4284 761 4340 ordine
781 4285 832 4342 vit.
847 4283 949 4354 parall.
963 4283 1114 4351 Plutarchi
1130 4301 1159 4355 p.
1172 4287 1208 4342 40
1225 4286 1256 4341 et
1273 4286 1318 4340 47.

1254 4390 1290 4447 4·
