3367 5184
759 629 980 692 ..80..

306 808 393 872 facta
420 813 495 872 sunt
524 808 695 886 continuit3
734 805 879 872 eiusdem
903 807 980 872 anni
1004 807 1125 872 exitum
1148 806 1260 871 Livius
1283 805 1366 871 libro
1390 805 1438 872 93

306 915 471 980 enarravit
495 914 653 980 adiunctis
677 916 773 979 rebus
790 915 867 978 anni
885 916 928 978 74
944 914 1022 994 (,Μ.
1040 913 1192 978 Aurelius
1209 912 1305 979 Ootta
1320 913 1438 995 coss),

307 1043 387 1108 quas
410 1023 593 1107 insequenti
615 1023 698 1086 libro
721 1023 885 1086 adfinem
909 1022 1074 1106 perduxit3
1098 1021 1159 1085 hac
1182 1021 1336 1106 periocha
1356 1040 1437 1085 cum

306 1129 344 1194 L.
361 1128 505 1195 Licinius
529 1129 684 1194 Lucullus
700 1130 812 1194 consul
829 1130 1020 1215 appelletur,
1044 1129 1157 1214 quinta
1172 1135 1206 1193 et
1220 1127 1438 1213 nonagesima

305 1258 365 1322 pro
395 1237 525 1301 consule
553 1237 739 1317 inducatur,
775 1237 917 1301 dubitari
940 1258 1005 1301 non
1029 1241 1150 1322 potest,
1186 1237 1266 1322 quin
1287 1235 1437 1300 eo-libro

238 1385 240 1390 -
307 1343 420 1408 Livius
447 1356 505 1409 res'
527 1346 603 1409 anni
628 1345 669 1408 73
694 1344 896 1423 disseruerim
935 1344 1017 1409 liber
1041 1346 1083 1409 96
1107 1344 1169 1408 tuit
1196 1345 1236 1408 de
1264 1365 1350 1409 anno
1378 1344 1437 1424 72,

306 1451 387 1516 liber
411 1454 452 1516 97
475 1452 515 1516 de
538 1453 674 1537 posteris
698 1453 833 1516 duobus.
882 1452 996 1537 Itaque
1020 1451 1052 1516 in
1077 1459 1143 1516 tres
1167 1458 1276 1536 partes
1298 1450 1438 1516 annales

306 1557 419 1622 Livius
452 1560 571 1623 bellum
601 1559 812 1643 fugitivorum
842 1561 966 1640 divisit,
1005 1559 1150 1644 singulus
1179 1559 1315 1644 singulis
1342 1557 1438 1621 libris

306 1667 451 1749 inseruit,
476 1667 531 1731 sed
556 1668 653 1731 medii
676 1667 750 1732 libri
775 1674 960 1732 contextum
982 1648 1124 1747 *diremit
1148 1689 1222 1731 cum
1238 1667 1286 1730 -de
1311 1666 1436 1730 Sertori

306 1796 386 1839 nece
410 1780 484 1842 ante
509 1774 545 1839 (l.
563 1773 654 1839 Oassi
678 1776 879 1860 proconsulis
904 1777 1029 1840 cladem
1053 1776 1198 1840 referret.

396 1882 532 1946 Accedit
550 1935 551 1941 1
572 1884 657 1968 quod
693 1883 869 1948 tumultum
904 1883 1054 1948 servilem
1089 1905 1174 1948 anno
1211 1882 1253 1946 73
1288 1882 1438 1967 erupisse

306 1991 384 2075 ipsis
404 1990 546 2056 *Sallusti
574 1991 719 2077 reliquiis
747 1991 973 2072 confirmatum
1009 2012 1084 2056 uam
1114 1998 1252 2055 exeunte
1280 2011 1365 2054 anno
1390 1989 1432 2051 75

308 2096 366 2162 On.
384 2097 559 2183 Pompeius
583 2099 754 2183 epistulam
777 2098 932 2163 illam'ad
956 2106 1105 2163 senatum
1132 2099 1245 2179 mittit,
1284 2097 1439 2161 lamentis

307 2226 372 2270 non
395 2206 513 2290 parcit:
538 2206 571 2270 in
595 2204 723 2270 Italiam
747 2207 837 2271 brevi
863 2228 897 2271 se
920 2207 1098 2271 rediturum
1115 2227 1186 2269 esse
1202 2227 1309 2290 neque
1325 2204 1439 2266 hostes-

307 2317 506 2392 moraturos,
543 2314 606 2377 nisi
643 2315 751 2378 statim
789 2315 965 2378 exercitum
998 2321 1108 2398 patres
1139 2313 1201 2377 sibi
1235 2311 1437 2397 supplerent

307 2417 450 2485 Proximi
480 2420 555 2483 anui
585 2441 696 2484 mense
725 2420 879 2484 Ianuario
907 2441 981 2484 enm
1010 2421 1158 2484 consules
1181 2421 1222 2484 de
1244 2419 1296 2485 his
1318 2417 1440 2507 litteris

308 2526 349 2590 ad
373 2533 521 2590 senatum
544 2529 752 2607 rettulissent,
777 2528 908 2612 placuit,
933 2535 970 2591 ut
992 2527 1075 2591 duae
1091 2527 1236 2611 legiones
1252 2521 1441 2591 conscribe-

307 2639 419 2700 rentur
448 2633 542 2715 (Sall.
560 2635 633 2699 hist.
651 2638 683 2715 2,
701 2634 770 2717 98),
802 2656 897 2721 quae,
928 2636 955 2699 ai
979 2635 1107 2719 fugitivi
1131 2636 1195 2698 iam
1219 2641 1288 2698 tum
1312 2633 1434 2697 bellum

306 2740 499 2821 movissent,
548 2742 581 2806 in
625 2742 820 2827 Hispaniam
861 2764 924 2807 non
966 2745 1084 2806 missae
1124 2747 1241 2806 essent.
1311 2739 1438 2804 Eodem

307 2870 392 2914 anno
409 2850 452 2912 74
468 2871 497 2912 a.
515 2848 545 2912 d.
563 2849 619 2914 lv.
638 2850 685 2914 Id.
703 2848 783 2914 Dec.
800 2850 944 2914 Licinius
961 2850 1070 2914 Macer
1092 2861 1131 2914 tr.
1148 2849 1190 2934 pl.
1210 2849 1438 2934 magistratum

305 2956 390 3037 iniit,
415 2978 512 3040 quern
529 2959 700 3024 Sallustius
723 2980 788 3023 non
811 2967 886 3022 ante
903 2959 973 3023 Kal.
991 2957 1061 3023 lau.
1085 2959 1126 3022 ad
1153 2957 1283 3043 plebem
1312 2955 1434 3020 contio·

306 3071 441 3130 narrtem
477 3067 559 3130 feeit
595 3064 641 3150 (3,
674 3068 717 3131 48
747 3066 766 3147 ξ
799 3071 836 3129 ll
877 3067 1063 3151 „superiore
1103 3063 1227 3146 anno“)
1262 3062 1440 3139 multisque·

307 3180 495 3256 querentem
531 3175 571 3238 de
607 3175 790 3238 calamitate
824 3175 928 3258 plebis
961 3184 993 3237 ot
1027 3175 1068 3236 de
1101 3173 1212 3249 bellis,
1251 3172 1292 3235 de
1322 3168 1439 3252 fugiti-

307 3301 422 3344 vorum
466 3281 609 3365 periculo
656 3281 746 3345 nihil.
816 3281 927 3344 Pridie
974 3280 1020 3344 ld.
1065 3280 1136 3343 Oct.
1174 3279 1318 3342 eiusdem
1356 3273 1436 3338 anni

307 3385 463 3452 Claudius
488 3383 661 3470 Glaber¹)‚
701 3410 797 3472 quem
825 3372 966 3472 primum
991 3393 1103 3452 contra
1128 3406 1294 3450 servorum
1318 3402 1439 3446 manus-

398 3638 424 3705 1)
444 3638 472 3694 G.
494 3637 647 3695 Claudium
668 3638 968 3694 damnosorum
989 3637 1060 3704 (vid.
1074 3635 1211 3692 Muenzcr
1229 3633 1248 3688 l.
1263 3630 1300 3695 c.)
1319 3629 1433 3686 Plutar-

307 3727 380 3782 chus
404 3719 442 3783 et¹
457 3726 576 3784 Orosius
600 3730 779 3798 praetorem,
808 3727 933 3797 ephiri
955 3727 1088 3794 legatum
1112 3725 1227 3778 vocant.
1265 3720 1371 3776 Nescio
1395 3733 1436 3773 an·

307 3819 425 3887 propter
449 3817 583 3874 ordinem
605 3819 758 3874 nominum
781 3818 812 3874 in
837 3817 865 3872 S.
878 3817 907 3872 (l.
926 3816 964 3870 de
984 3814 1078 3883 Oropo
1098 3813 1130 3880 (l.
1145 3813 1192 3867 Gr.
1205 3812 1233 3868 S.
1245 3813 1320 3877 413),
1340 3808 1394 3878 qui¹
1407 3809 1440 3864 is-

308 3909 365 3976 est,
393 3908 426 3962 ut
449 3909 516 3976 post
535 3906 570 3960 ll.
586 3907 739 3962 Claudium
768 3905 937 3962 Marcellum
960 3903 1086 3959 aedilem
1105 3904 1176 3958 anni
1195 3905 1227 3957 91
1247 3899 1318 3968 (Cio.
1337 3898 1374 3953 de
1393 3912 1434 3952 or.

309 3998 332 4060 1,
353 3999 394 4063 13,
414 3999 468 4063 57),
488 4011 647 4066 numquam
669 3996 827 4063 consulem,
848 3994 899 4050 sed
919 3997 1084 4064 praetorem
1103 4007 1181 4047 anno
1199 3991 1261 4046 tere
1280 3993 1315 4045 88
1334 3987 1435 4044 Glahri

307 4101 411 4142 nomeu
440 4088 536 4142 exstet
563 4089 631 4142 ante
659 4085 687 4140 C.
708 4085 852 4140 Licinium
878 4081 1065 4140 Sacerdotem
1091 4084 1258 4152 praetorem
1283 4093 1361 4134 anno
1390 4080 1440 4145 75,

308 4175 451 4245 suspicari
476 4174 565 4231 liceat
592 4174 731 4231 Glahrum
756 4175 835 4230 intra
862 4187 954 4228 annos
973 4175 1008 4226 88
1027 4175 1056 4228 et
1079 4175 1112 4228 75
1137 4172 1303 4242 praetorem
1328 4167 1439 4231 fuisse·r

307 4280 403 4336 neque
423 4265 500 4321 enim
519 4266 550 4321 in
570 4280 691 4321 numero
709 4264 931 4332 designatorum
945 4264 1113 4332 praetorum
1126 4262 1191 4330 fuit
1212 4259 1292 4331 quod
1304 4255 1438 4315 hlarcelli
