3367 5184
783 699 981 773 -8÷

323 874 447 940 nullum
479 881 607 960 praeter
638 873 794 938 Posidoui
825 874 976 939 historias
1008 874 1130 938 fontem
1164 872 1309 939 Diodoro
1344 875 1444 939 fuisse

324 984 526 1066 eundemque
561 981 659 1046 Livio
689 981 819 1045 fluxisse
856 983 961 1046 evinci
983 1002 1078 1066 posse
1101 980 1254 1061 credidit3
1301 988 1443 1046 ceterum

321 1090 457 1155 subsidii
474 1110 581 1170 causa,
606 1089 639 1152 id
655 1089 741 1173 quod
756 1089 892 1152 laudare
907 1110 972 1154 uon
988 1086 1168 1175 possumne
1194 1090 1235 1154 ad
1251 1089 1442 1154 Muellerum

322 1199 439 1262 Wilms
478 1197 611 1280 relegat,
655 1197 710 1280 qui
745 1195 927 1260 Diodorum
962 1198 1003 1261 ad
1042 1197 1229 1262 scribendas
1262 1218 1314 1261 res
1351 1197 1444 1261 annis

326 1306 476 1370 146-96
513 1309 620 1390 gestas
647 1303 681 1367 in
722 1305 910 1368 universum
940 1304 1097 1368 Posidoui
1126 1305 1216 1368 libris
1246 1326 1342 1368 usum
1374 1327 1444 1369 esse

322 1412 599 1477 demonstraverit.

413 1519 517 1592 Quam
542 1523 854 1606 argumentationem
879 1521 1042 1585 nonnullis
1066 1543 1105 1584 ex
1128 1522 1272 1606 partibus
1293 1521 1445 1606 supplen-

322 1629 407 1708 dam,
444 1649 483 1692 ex
515 1629 586 1693 aliis
617 1629 841 1714 corrigendam
875 1650 945 1693 esse
975 1629 1171 1714 putavimus,
1202 1649 1274 1691 cum
1305 1628 1445 1692 maxime

322 1737 363 1799 de
391 1738 549 1821 excerptis
578 1736 714 1801 Diodori
737 1735 853 1800 Wilms
881 1736 1006 1800 nullum
1034 1736 1169 1799 verbum
1196 1736 1318 1799 laceret
1340 1736 1445 1821 deque

322 1843 511 1908 oeconomia
525 1844 731 1908 historiarum
744 1844 899 1908 Posidoui
914 1843 1072 1908 nonnulla
1086 1843 1256 1929 proferret,
1273 1843 1313 1906 de
1329 1843 1445 1927 quihus

324 1953 471 2016 dubitare
487 1952 557 2015 ausi
581 1972 701 2015 sumus.
738 1951 871 2035 Optime
898 1951 1006 2016 evenit
1029 1951 1115 2035 quod
1140 1951 1225 2036 apud
1242 1951 1446 2015 Athenaeum

322 2059 398 2140 XII,
417 2060 507 2123 5421)
521 2081 561 2122 ex
577 2065 690 2123 octavo
713 2059 795 2123 libro
811 2059 1018 2123 historiarum
1042 2058 1122 2121 illud
1145 2058 1362 2142 fragmentum
1379 2079 1445 2122 ser-

323 2173 434 2231 vatum
459 2173 507 2231 est
530 2188 593 2251 quo
617 2167 710 2230 nixus
735 2188 789 2230 eas
813 2188 872 2251 per
895 2172 997 2231 totum
1022 2167 1162 2250 primum
1185 2166 1305 2230 bellurn
1330 2166 1446 2230 servile
1484 2185 1487 2190 ·

323 2274 549 2359 explicandum
583 2273 728 2338 Diodoro
763 2274 804 2337 ad
839 2295 956 2338 manus
990 2273 1088 2338 fuisse
1122 2273 1258 2338 Mueller
1291 2274 1446 2358 suspicari

323 2382 441 2465 potuit3
466 2380 582 2445 Wilms
598 2388 729 2466 propter
745 2381 908 2445 diversam
928 2380 1069 2445 indolem
1084 2380 1239 2445 Posidoui
1263 2387 1296 2444 et
1310 2381 1447 2446 Diodori

322 2489 409 2552 idern
438 2490 602 2554 conclusit,
651 2489 803 2574 Quisquis
831 2488 905 2553 libri
929 2490 1036 2573 quarti
1058 2495 1089 2552 et
1115 2489 1270 2552 tricesimi
1297 2495 1447 2574 excerpta

323 2597 423 2661 oculis
448 2597 630 2682 perlustrat,
663 2598 927 2682 quotiescumque
951 2595 1024 2682 Syri
1046 2596 1245 2660 inducuntur
1266 2594 1446 2661 Diodorum

323 2707 406 2769 bene
434 2705 573 2790 peritum
604 2726 674 2768 esse
702 2705 875 2786 intellegit3
906 2705 1046 2789 exempli
1075 2705 1181 2788 gratia
1208 2704 1353 2768 nonnulli
1384 2705 1449 2768 loci

324 2813 532 2896 colligantur:
549 2811 645 2898 §triv
657 2813 691 2878 δέ
702 2836 747 2890 τις
759 2813 881 2899 οἰκέτης
892 2814 1000 2899 Σύρος,
1012 2816 1049 2877 τὸ
1060 2813 1149 2897 γένος
1160 2814 1199 2878 ἐκ
1209 2820 1266 2896 τῆς
1276 2810 1448 2897 Ἀπαμείας

323 2921 409 3004 quod
426 2921 508 2984 seire
527 2922 646 2985 nullius
674 2922 777 3005 magis
793 2921 940 2985 interfuit
955 2942 1053 3006 quam
1069 2921 1223 2985 Posidoui
1239 2921 1448 3006 Apamensis3

323 3029 432 3112 itaque
460 3029 569 3092 multis
597 3028 637 3090 de
664 3029 763 3092 hoece
788 3029 869 3114 Syro
898 3030 1037 3092 narratis
1064 3036 1226 3114 postremo
1257 3028 1276 3109 ᾗ
1302 3031 1318 3090 l
1344 3029 1447 3092 addit:

247 3146 249 3150 ’
324 3135 413 3220 ἔλεγε
429 3138 484 3219 τὴν
497 3134 611 3221 Συρίαν
627 3136 703 3200 θεὸν
719 3136 955 3222 ἑπιφαινομὲνην
972 3138 1067 3202 αὐτῶι
1079 3136 1180 3220 λέγειν
1196 3139 1242 3201 ὅτι
1259 3135 1448 3221 §conlatura

323 3244 434 3328 paucis
469 3251 542 3329 post
569 3242 588 3324 ξ
613 3246 652 3307 16
693 3244 733 3307 de
759 3243 845 3308 Euni
881 3246 1061 3309 concubina
1097 3244 1175 3309 dicit
1201 3245 1296 3309 haec:
1330 3246 1387 3330 rhu
1414 3268 1449 3310 τε
1516 3313 1519 3317 ,

325 3350 514 3437 συμβισῠσαν
552 3353 648 3416 aocet
682 3351 785 3438 Σύραν
823 3355 876 3416 καὶ
916 3353 1097 3439 συμπολῐτιν
1136 3351 1231 3419 οὖσαν
1266 3350 1451 3437 βασίλισσαν

325 3458 503 3540 ἀποδείξας;
520 3459 637 3523 multos
654 3460 793 3545 denique
809 3482 920 3524 servos
936 3460 1061 3546 eSyria
1077 3467 1164 3525 ortos
1180 3482 1261 3540 esse,
1278 3461 1449 3524 nonnullos

324 3564 473 3630 eOilicia
496 3568 726 3652 comperimus:
752 3568 911 3652 Sarapion
935 3570 990 3653 qui
1014 3590 1121 3632 arcem
1142 3567 1450 3633 Tauromenitanam

324 3671 455 3758 Rupilio
486 3675 610 3738 consuli
633 3674 740 3758 prodit
763 3675 862 3759 Syrus
894 3675 1085 3760 appellatur,
1115 3673 1214 3740 Cleon
1243 3676 1383 3760 συνήθης
1407 3676 1449 3739 ὢν

326 3779 363 3878 ἐκ
374 3781 494 3846 παίδων
509 3791 564 3847 τῶι
580 3782 748 3868 ληστρικῶι
764 3781 831 3867 βίωι
847 3780 866 3863 §
881 3783 1010 3845 17=43
1023 3783 1188 3868 fraterque
1205 3784 1273 3847 eius
1286 3781 1450 3846 Cumanus

325 3886 344 3968 §
362 3891 404 3952 20
420 3886 575 3953 ¹Comanis
583 3889 610 3969 ¹)
634 3890 667 3952 in
692 3890 771 3953 urbe
788 3888 1014 3975 Cappadociae
1038 3893 1106 3955 uati
1121 3892 1155 3955 in
1170 3891 1272 3954 Tauri
1288 3891 1450 3955 montibus

324 3996 544 4060 adoleverunt.
589 3995 660 4060 lam
674 4018 738 4062 nou
754 3998 911 4062 miramur
923 3999 1009 4083 quod
1022 3998 1150 4062 Eunum
1168 3998 1320 4062 Antiochi
1332 4018 1450 4060 nomen

325 4139 543 4148 ——uu—

321 4261 325 4265 ·
416 4229 444 4294 1)
464 4227 557 4284 Hodie
577 4227 603 4282 el
623 4228 744 4297 Bostau3
769 4228 804 4283 cf.
827 4228 905 4284 Plini
924 4232 982 4285 nat.
1002 4230 1072 4285 hist.
1094 4233 1119 4297 6,
1139 4234 1155 4285 8
1175 4231 1203 4284 et
1222 4229 1324 4284 lustin.
1345 4227 1449 4283 novell.

329 4322 372 4388 31,
395 4323 417 4388 1,
436 4320 460 4372 a
