3367 5184
695 649 918 712 ...49-

241 828 387 912 plurihus
408 827 551 892 lontibus
575 827 628 890 ille
652 848 711 890 sua
735 827 879 902 contulit,
903 828 1059 890 nonnulla
1082 826 1232 911 perdidit,
1256 847 1366 890 rerum

242 955 400 999 conexum
416 936 659 1019 nonnumquam
677 934 829 1015 turbavit,
849 955 983 1018 magnas
1000 935 1210 998 difficultates
1221 935 1364 1019 praehet.

242 1042 355 1127 Itaque
390 1043 483 1128 plura
517 1043 617 1106 verba
649 1041 689 1105 de
723 1041 874 1125 Appiano
911 1063 1008 1126 quam
1043 1043 1084 1106 de
1119 1042 1233 1106 ceteris
1255 1063 1365 1105 rernm

240 1149 451 1233 scriptoribus
474 1149 583 1213 facere
607 1169 738 1212 necesse
763 1150 832 1213 erit.

331 1257 541 1322 Plutarchum
565 1277 664 1320 unum
688 1257 811 1320 fontem
835 1259 975 1341 eumque
995 1259 1160 1342 copiosum
1177 1258 1366 1342 inspexisse,

240 1387 261 1429 e
291 1387 354 1450 quo
388 1385 447 1428 sua
480 1364 578 1448 elegit
611 1367 643 1427 et
674 1365 816 1427 breviter
848 1372 880 1427 et
912 1365 1079 1449 eleganter
1096 1365 1295 1449 composuit,
1330 1367 1369 1427 ut

242 1473 348 1536 nullus
371 1472 461 1536 locus
485 1493 558 1535 oum
583 1472 645 1535 alio
669 1471 735 1535 ullo
759 1478 868 1550 certet,
893 1473 1003 1536 omnia
1025 1474 1144 1558 optime
1161 1473 1366 1550 cohaereant,
1405 1457 1407 1462 ’

242 1580 468 1662 respondeant,
506 1579 662 1663 disposita
686 1580 759 1659 sint,
796 1581 991 1664 quicumque
1018 1583 1103 1644 vitae
1128 1579 1236 1644 Crassi
1261 1579 1369 1664 capita

243 1686 419 1750 VIlI-Xl
446 1687 525 1770 legit
553 1686 646 1750 facile
680 1686 852 1771 intellegit3
894 1709 999 1772 neque
1030 1684 1108 1753 vero
1145 1710 1253 1752 rerum
1287 1686 1367 1750 scri

242 1794 343 1878 ptoris
369 1815 464 1878 quern
493 1800 622 1858 secutus
654 1801 702 1858 est
736 1815 854 1858 nomen
894 1817 1029 1879 nsquam
1070 1796 1172 1859 affert.
1235 1794 1366 1858 Sallusti

244 1903 394 1966 historias
423 1904 452 1966 ci
480 1903 520 1966 ad
547 1923 664 1966 manue
691 1902 789 1966 luisse
812 1905 935 1986 primus
958 1905 1108 1988 probavit
1130 1903 1276 1981 Heeren,
1309 1902 1367 1965 τάν

246 2009 388 2093 stipulati
421 2015 496 2074 snut
525 2008 623 2072 Peter
632 2007 660 2090 ¹)
693 2015 724 2073 et
758 2009 1032 2074 Maurenb'recher
1060 2032 1167 2095 neque
1195 2011 1234 2073 de
1259 2031 1298 2073 ea
1321 2030 1366 2090 re,

244 2119 321 2200 quia
349 2123 540 2200 argumenta
568 2117 824 2180 doctissimorum
852 2117 996 2182 uirorum
1028 2116 1252 2202 potentissima
1279 2122 1365 2196 sunt,

246 2245 441 2310 quemquam
458 2225 679 2289 dubitaturum
696 2245 766 2288 esse
781 2232 947 2309 putamns3
972 2247 1013 2289 ne
1030 2226 1219 2290 testimoniis
1236 2225 1367 2309 quidem

243 2331 305 2394 illis
344 2353 430 2395 nova
468 2332 587 2396 addere
626 2352 796 2415 possumus
835 2333 897 2396 nisi
935 2355 1050 2397 unum:
1103 2332 1241 2416 legimus
1280 2331 1366 2415 apud

243 2437 453 2502 Plutarchum
487 2460 556 2523 rap.
574 2437 623 2502 X:
662 2437 753 2521 Μέγα
776 2487 784 2502 .
809 2488 816 2500 .
842 2487 850 2502 .
883 2442 1038 2524 ἔργον...
1063 2487 1070 2504 .
1102 2441 1197 2523 ἤνυσε
1230 2439 1367 2504 Crassus

243 2547 360 2632 τάφρον
388 2547 532 2632 ἐμβαλὼν
562 2547 599 2611 ἐκ
627 2548 791 2632 θαλάσσης
820 2547 863 2624 εἰς
893 2546 1061 2613 θάλασσαν
1084 2550 1135 2613 διὰ
1156 2558 1211 2612 τοῦ
1235 2547 1366 2630 αὐχένος

244 2653 376 2720 σταδίων
404 2656 589 2739 τριακοσίων
616 2678 646 2718 κ.
663 2677 690 2720 τ.
709 2655 753 2734 λ.;
788 2663 947 2740 respecto
968 2657 1067 2740 igitur
1095 2657 1155 2720 hoc
1183 2657 1366 2738 fragmento

243 2763 329 2844 quod
350 2784 367 2824 e
390 2763 544 2826 Sallustio
561 2762 758 2842 (lv,25l1.)
775 2763 955 2826 Arusianus
972 2766 1126 2827 servavit:
1145 2765 1203 2842 „ad
1222 2763 1366 2841 Siciliam

243 2890 380 2952 vergens
409 2870 556 2933 faucibus
583 2871 661 2954 ipsis
690 2892 754 2934 non
782 2871 922 2954 amplius
948 2878 1038 2955 patet
1064 2872 1193 2934 milibus
1222 2872 1366 2954 quinque

244 2984 276 3038 et
303 2977 454 3060 triginta“
481 2976 701 3056 Plutarchum,
740 2984 777 3040 ut
801 2979 898 3041 'aliter
925 2979 1010 3042 hunc
1041 2999 1210 3053 numerum
1240 2977 1365 3042 Graece

243 3089 394 3162 verteret,
419 3084 527 3147 facere
546 3105 615 3148 non
639 3086 780 3168 potuisse
804 3085 1038 3169 intellegimus3
1064 3107 1137 3150 uam
1155 3083 1237 3149 OOC
1262 3086 1365 3149 stadia

244 3197 425 3275 aequantur
440 3190 468 3253 L
485 3192 553 3255 fere
566 3193 696 3256 milibus
721 3198 811 3256 metr.
829 3215 943 3276 germ,
959 3193 1089 3256 XXXV
1105 3195 1195 3256 milia
1211 3182 1365 3277 passuum

242 3297 357 3360 iisdem
381 3298 449 3362 fere
470 3297 529 3361 Lll
551 3299 690 3379 milibus,
715 3301 826 3363 velut
849 3299 1027 3384 simplicius
1042 3301 1197 3381 dicamus,
1221 3297 1366 3364 trecenta

244 3405 346 3468 stadia
377 3406 444 3469 sive
473 3407 615 3490 quinque
644 3413 675 3469 et
704 3407 836 3490 triginta
864 3407 925 3470 MP
957 3410 1032 3472 sunt
1061 3414 1184 3492 septem
1215 3406 1367 3472 milliaria

242 3534 359 3597 germ.;
396 3518 537 3576 ceterum
559 3520 686 3597 praeter
707 3535 916 3578 numerorum
940 3522 1131 3578 concentum
1155 3515 1365 3579 Plutarchum

243 3621 341 3683 verbo
358 3620 487 3705 αὐχένος
500 3620 631 3684 Sallusti
641 3622 790 3701 „lauces“
804 3621 984 3706 exprimere
995 3623 1136 3686 voluisse
1148 3623 1304 3686 videmus.
1323 3646 1365 3666 «Α

244 3728 294 3791 De
318 3728 418 3792 altero
439 3729 579 3812 quodam
595 3729 666 3792 loco
682 3730 714 3793 id
732 3731 816 3814 qnod
833 3731 895 3793 viri
912 3731 997 3794 docti
1007 3732 1165 3794 dixerunt
1180 3732 1214 3793 in
1230 3729 1366 3794 dubium

243 3856 359 3899 vocare
384 3836 563 3916 audemus3-
579 3836 788 3900 Plutarchum
807 3839 894 3902 enim
910 3839 950 3901 ad
963 3838 1099 3902 Sallusti
1116 3837 1303 3922 fragm.'lV,
1314 3839 1365 3900 ⁴40

246 3963 339 4022 „cum
385 3943 512 4006 interim
559 3945 680 4007 lumine
701 3964 703 3968 ·
726 3946 894 4009 etiamtum
940 3947 1063 4009 incerto
1109 3947 1193 4009 duae
1226 3943 1366 4008 ,Galliae

244 4048 394 4112 mulieres
419 4057 617 4116 conventum
634 4053 780 4116 vitantes
799 4052 838 4116 ad
862 4059 1037 4116 menstrua.
1052 4053 1206 4118 solvenda
1217 4050 1366 4116 montem

243 4146 458 4156 *ῃ
753 4137 779 4183 f

336 4189 360 4255 l)
380 4189 496 4245 Peter:
533 4192 588 4247 Die
616 4192 736 4259 Quellen
761 4191 916 4248 Plutarchs
943 4194 974 4250 in
1003 4194 1059 4250 den
1089 4193 1285 4264 Biographien
1313 4194 1368 4251 der

243 4277 367 4334 ltoemer
384 4297 411 4350 p.
428 4284 476 4336 109
491 4295 533 4350 sq.
1008 4299 1017 4315 -.
1220 4299 1223 4306 .
1269 4289 1272 4293 -

1257 4394 1275 4445 4
