3367 5184
765 651 1099 714 ·-5c-·

317 829 423 916 primo
447 826 545 891 fuisse
562 827 707 892 ¹fortasse
731 828 882 892 conducit
904 828 1089 893 admonere.
1114 865 1158 873 -
1180 828 1442 914 Discrepantiam

234 1007 235 1010 Ἴ
315 935 436 1002 deinde
459 935 622 1020 quandam
645 936 730 1000 inter
752 935 883 1000 Livium
906 942 938 999 et
960 936 1147 1021 Appianum
1171 936 1446 1002 Maurenbrecher

228 1085 231 1090 -
318 1044 380 1110 sibi
408 1043 599 1128 repperisse.
616 1041 758 1122 videtur,
799 1043 885 1126 quod
919 1045 1125 1128 septuaginta
1156 1044 1246 1109 milia
1274 1066 1442 1110 serrorum

314 1153 510 1239 Spartacum
544 1151 687 1235 coegisse
717 1151 770 1215 hic
801 1150 923 1231 tradat3
959 1157 1046 1215 certe
1072 1151 1133 1214 XL
1156 1153 1245 1216 milia
1269 1152 1442 1237 aliquando

319 1261 511 1345 Spartacum
535 1264 567 1322 et
590 1255 721 1322 Crixum
747 1257 901 1322 habuisse
924 1258 1059 1323 Orosius
1082 1265 1203 1340 narrat,
1236 1280 1343 1345 neque
1364 1281 1441 1323 vero

318 1367 434 1432 eodem
449 1372 604 1450 tempore,
629 1385 692 1450 qno
709 1365 734 1428 Α
740 1366 879 1450 ppianus
893 1363 986 1428 Lxx
1002 1366 1091 1429 milia
1112 1366 1301 1430 convenisse
1321 1371 1442 1446 narrat,

317 1475 378 1539 hoc
402 1473 501 1538 fuisse
525 1473 678 1537 traditum
695 1479 753 1553 est,
775 1495 849 1536 cum
865 1475 1055 1558 praesertim
1071 1495 1127 1538 eas
1142 1495 1206 1555 res,
1229 1494 1312 1558 quae
1328 1471 1442 1538 Clodio

315 1582 430 1666 fugato
454 1586 590 1645 exeunte
612 1601 696 1645 anno
714 1580 899 1661 acciderint,
923 1581 1089 1666 Hispanus
1110 1581 1302 1666 epitomator
1317 1581 1443 1645 modice

317 1690 522 1776 perstringat.
552 1721 593 1732 —-
622 1676 737 1766 Neque
767 1688 807 1751 de
835 1689 942 1772 priore
970 1688 1037 1752 vita
1060 1687 1208 1772 Spartaci
1232 1689 1400 1773 Appianus
1424 1708 1444 1750 a

317 1795 411 1861 Livio
438 1796 599 1879 „graviter
626 1794 829 1880 discrepare“
856 1795 999 1876 videtur,
1038 1796 1179 1880 primum
1203 1797 1289 1860 enim
1312 1796 1442 1859 Livium

319 1926 339 1968 a
354 1903 451 1968 Floro
468 1902 635 1987 compilari
651 1908 783 1987 propter
798 1903 934 1966 verbum
954 1903 1166 1988 „effringere“
1186 1903 1443 1968 concludendum

318 2032 389 2076 esse
414 2031 511 2095 supra
533 2011 735 2094 negavimus,
761 2013 830 2074 tum
854 2011 1014 2075 rhetorico
1032 2000 1181 2097 scriptori
1195 2011 1293 2074 fidem
1311 2010 1442 2075 omnino

285 2203 289 2209 Ι
319 2139 383 2184 non
407 2118 505 2182 tribui
527 2139 622 2203 posse
646 2119 716 2203 ipsa
740 2119 857 2183 docent
879 2119 961 2181 haec
984 2118 1074 2182 Flori
1090 2118 1210 2182 verba:
1238 2118 1297 2199 ,de
1321 2118 1443 2202 stipen-

319 2226 422 2291 diario
446 2225 571 2290 Thraco
594 2225 702 2304 miles,
726 2226 766 2290 de
790 2226 892 2291 milite
916 2227 1074 2308 desertor,
1108 2227 1185 2290 inde
1208 2227 1302 2308 latro,
1326 2225 1444 2290 deinde

314 2334 351 2397 in
385 2334 541 2398 honorem
576 2333 693 2398 virium
729 2334 920 2418 gladiator“.
971 2334 1074 2398 Paulo
1109 2340 1183 2419 post
1217 2334 1258 2398 ab
1293 2333 1442 2418 Appiano
1522 2402 1524 2405 ,

319 2440 451 2505 nomina
474 2447 660 2525 praetorum
685 2439 806 2526 Claudi¹
824 2439 938 2505 Glabri
962 2447 994 2503 et
1016 2440 1130 2505 Varini
1153 2441 1276 2504 turbari
1292 2439 1444 2504 Mauren-

319 2549 455 2614 brecher
477 2570 508 2633 p.
529 2550 590 2612 146
608 2554 720 2613 notare
744 2549 860 2631 omisit,
886 2549 940 2634 qui
965 2547 1101 2612 Claudio
1124 2546 1238 2613 Glabri
1262 2568 1443 2630 cognomen

317 2656 419 2720 fuisse
443 2654 611 2740 ignoratll

410 2762 504 2835 Quod
529 2763 675 2848 sequitur
698 2769 794 2848 caput
821 2765 881 2826 117
906 2783 959 2828 res
983 2784 1068 2827 anuo
1086 2765 1127 2827 72
1152 2769 1260 2846 gestas
1283 2764 1441 2840 continet3

215 2894 218 2898 ·
320 2871 376 2936 ubi
400 2869 579 2956 Appianus,
604 2877 764 2955 quatenus
788 2871 829 2934 ab
854 2872 955 2936 altero
979 2872 1111 2935 consule
1128 2869 1262 2935 Crixum
1285 2869 1446 2955 fugatum,

314 2996 395 3043 'mox
425 3000 444 3043 a
472 2979 627 3064 Spartaco
663 2985 835 3064 utrumque
872 2979 1005 3060 victum,
1046 2979 1162 3043 deinde
1192 2978 1290 3043 etiam
1317 2980 1444 3042 iunctas

319 3086 429 3172 copias
460 3087 628 3151 consulum
662 3093 829 3171 superatas
865 3108 935 3150 esse
966 3087 1111 3172 exponit,
1150 3092 1217 3150 tam
1249 3108 1323 3151 cum
1350 3085 1442 3149 Livio

318 3215 416 3279 quam
442 3215 517 3258 cum.
532 3193 683 3257 Sallustio
707 3194 872 3273 convenit3
897 3191 1039 3258 Gellium
1063 3194 1148 3258 enim
1172 3194 1297 3273 vicisse,
1322 3194 1443 3257 victum

319 3323 390 3366 esse
419 3300 593 3365 Lentulum
625 3323 643 3364 e
675 3300 827 3365 Sallustio
861 3299 1088 3380 Plutarchus2)
1124 3300 1276 3388 sumpsit,
1313 3299 1443 3364 Lentuli

316 3409 445 3473 cladem
479 3409 514 3471 in
548 3407 720 3492 Apennino
755 3407 854 3472 fuisse
886 3429 926 3471 ex
960 3408 1074 3472 codem
1108 3408 1260 3473 Sallustio
1292 3405 1443 3490 Florus3)

319 3515 471 3597 servavit,
495 3515 688 3600 Liviumque
711 3521 840 3579 secutus
865 3513 1032 3600 Orosius4)
1049 3516 1109 3580 hoc
1129 3515 1271 3600 scripsit:
1299 3513 1446 3597 „Gellius

321 3621 454 3688 Crixum
477 3623 634 3707 acerrime
658 3629 856 3708 pugnantem
885 3623 1007 3708 proelio
1036 3624 1210 3709 oppressit,
1243 3622 1402 3687 Lentulus
1425 3645 1444 3687 a

322 3730 478 3816 Spartaco
502 3735 672 3815 superatus
697 3730 833 3815 aufugit,
858 3737 931 3814 post
946 3731 1043 3794 etiam
1060 3730 1196 3794 conlatis
1212 3730 1332 3794 frustra
1348 3731 1444 3796 ambo

318 3839 467 3902 consules
492 3839 591 3923 copiis
617 3844 749 3922 accepta
772 3839 865 3922 gravi
893 3839 984 3902 clade
1011 3837 1196 3922 1118111111.ιι
1244 3837 1373 3922 ltaque,
1408 3843 1445 3902 ut
1525 3891 1527 3897 .

321 3946 615 4032 praetermittamus
631 3947 817 4031 periocham
833 3946 907 4010 Livi
923 3946 997 4010 libri
1014 3945 1057 4010 96
1065 3945 1141 4010 Arri
1156 3946 1314 4030 praetoris
1326 3965 1445 4010 nomen

283 4177 286 4183 '
411 4196 437 4262 ι)
459 4195 522 4251 vn.
542 4195 641 4252 annot.
657 4201 668 4252 1
684 4196 722 4252 au
741 4200 861 4267 pagno
934 4197 963 4264 a)
983 4197 1050 4267 cap.
1065 4200 1089 4253 a.

409 4287 437 4353 3)
456 4285 482 4340 11
500 4289 526 4354 s,
548 4288 588 4342 10.
662 4286 850 4354 4)v‚24,4.
