3367 5184
768 663 987 725 „14-

318 839 483 925 Ephorum
522 839 692 903 Timaeum
731 841 928 904 recentiores
965 846 1120 906 tractasse
1155 861 1228 906 curn
1272 836 1437 923 constet‚¹)

319 967 414 1032 quem
438 947 569 1010 taudem
594 954 758 1010 auctorem
782 954 818 1010 ut
833 947 1107 1012 nominaSiciliae
1130 948 1261 1013 afferret
1283 969 1358 1013 eum
1381 969 1438 1012 err·

318 1054 483 1138 scripsisse
516 1053 678 1118 affirmare
711 1054 831 1119 audes?
870 1055 933 1119 nisi
964 1055 1046 1119 forte
1073 1060 1138 1118 tam
1162 1055 1246 1120 bene
1270 1056 1437 1120 Strabonis

290 1163 474 1226 'rationem
511 1161 594 1225 nosti
629 1183 727 1246 quam
754 1161 792 1226 E.
818 1158 1036 1240 Schweder.²)
1082 1161 1209 1227 Deinde
1243 1161 1370 1226 Naxum
1406 1168 1438 1226 et

316 1267 448 1352 Megara
476 1267 594 1352 oppida
624 1269 708 1332 inter
737 1267 886 1333 (latinam
914 1276 947 1334 et
970 1271 1146 1355 Syracusas
1181 1271 1243 1334 sita
1266 1291 1336 1334 esse
1360 1291 1435 1334 num

288 1360 291 1365 ¹
318 1379 498 1460 repperisse
529 1375 720 1440 Strabonem
750 1377 836 1461 apud
859 1377 959 1441 ullum
984 1399 1092 1441 rerum
1117 1379 1304 1462 scriptorem
1330 1398 1438 1441 cense-

317 1482 445 1546 bimus?
468 1483 567 1546 immo
592 1504 643 1547 res
666 1484 735 1568 ipse
759 1485 910 1548 turbavit.
928 1520 970 1530 -
988 1485 1070 1549 Belli
1092 1485 1218 1549 servilis
1241 1485 1437 1549 mentionem

318 1590 396 1654 iacit
423 1590 627 1674 paragrapho
657 1591 676 1653 6
707 1615 750 1644 -ε
777 1613 809 1675 p.
827 1593 951 1676 272sq.
969 1589 1006 1673 O,
1041 1612 1124 1676 qnae
1156 1597 1205 1655 est
1238 1592 1278 1655 de
1308 1591 1437 1656 Siciliae

321 1697 446 1782 oppidis
474 1697 733 1778 mediterraneis3
768 1697 920 1763 Hennam
948 1700 1062 1764 urbem
1085 1707 1161 1763 tunc
1183 1704 1341 1763 vastatam
1366 1720 1437 1762 esse

318 1803 373 1883 ait,
408 1825 491 1889 quae
520 1803 677 1870 Romanis
708 1806 886 1872 obsidenda
916 1807 1038 1887 luisset,
1074 1808 1159 1872 idem
1184 1807 1436 1871 Tauromenium

319 1922 351 1974 et
382 1909 531 1976 (latinam
559 1934 655 1996 passa
683 1935 767 1993 esse3
807 1935 883 1978 mox
912 1915 1124 1999 complurium
1153 1915 1281 1978 urbium
1305 1913 1438 1978 nomina

319 2017 417 2098 addit,
461 2039 544 2103 quae
579 2020 678 2104 ipsius
714 2023 912 2106 temporibus
947 2023 1010 2086 iem
1046 2044 1109 2087 uon
1145 2030 1282 2102 stareut3
1328 2021 1437 2106 itaque

261 2193 264 2196 ,
318 2124 483 2190 Romanos
504 2128 559 2191 ubi
580 2128 720 2211 primum
738 2128 882 2192 Siciliam
898 2129 1006 2214 adepti
1022 2135 1129 2194 essent
1145 2129 1178 2192 in
1193 2129 1437 2193 mediterraneis

316 2233 502 2315 regionibus
524 2255 659 2319 magnos
682 2256 839 2319 equorum
864 2237 1026 2322 boumque
1049 2257 1164 2320 greges
1188 2236 1307 2300 aluisse
1328 2242 1436 2320 pasto·

321 2339 473 2424 ribusque
506 2341 687 2426 manicipiis
722 2344 975 2423 commendasse,
1015 2365 1078 2429 quo
1113 2344 1234 2407 factum
1270 2349 1364 2423 esset,
1402 2348 1439 2404 ut

320 2446 424 2530 primo
452 2449 559 2512 insula
586 2455 655 2512 tuta
679 2471 745 2514 non
769 2457 863 2530 essct,
899 2451 1015 2515 deinde
1038 2453 1185 2535 ingentes
1208 2451 1364 2514 tumultus
1387 2451 1437 2513 in-

320 2575 416 2638 super
439 2562 616 2619 urerentur.
664 2556 720 2620 Bis
743 2557 829 2621 idem
853 2559 900 2621 sic
923 2558 1066 2643 legentes
1090 2558 1291 2637 offendimus,
1320 2557 1437 2622 abinde

247 2649 249 2654 ¹
320 2661 465 2746 quaestio
501 2665 653 2753 nascitur,
690 2666 850 2749 quomodo
885 2688 936 2730 res
971 2666 1115 2751 expediri
1141 2667 1254 2751 possit:
1303 2671 1437 2750 apparet

319 2768 512 2832 Strabonem
536 2791 604 2833 rem
629 2772 673 2834 sic
697 2772 864 2836 instituere
879 2773 1029 2851 voluisse,
1053 2780 1089 2836 ut
1105 2794 1162 2836 cur
1181 2772 1308 2836 mediae
1328 2779 1437 2857 partes

316 2875 441 2939 insulae
464 2877 604 2940 incultae
628 2887 735 2942 essent
758 2881 993 2949 demonstraret
1016 2886 1049 2944 et
1071 2882 1167 2945 urbes
1183 2880 1258 2944 olim
1274 2881 1436 2959 florentes,

318 3003 401 3067 quae
413 2978 518 3068 ipsius
531 2987 730 3069 temporibus
742 2988 796 3050 vix
807 2988 870 3050 vici
884 2994 991 3051 essent
1002 2989 1184 3053 nominaret
1199 2993 1437 3073 exponeretque

318 3111 381 3174 qua
409 3091 539 3155 fortuna
567 3093 770 3174 cecidissent3
817 3116 854 3157 ac
882 3096 1022 3179 primum
1052 3096 1093 3158 de
1116 3117 1181 3158 una
1204 3097 1284 3160 urbe
1308 3095 1436 3175 Henna,

316 3203 384 3260 tum
402 3199 440 3261 de
458 3200 573 3263 ceteris
589 3201 666 3284 agit,
691 3202 833 3286 quinque
850 3204 1039 3267 nominatim
1052 3204 1154 3267 affert.
1179 3203 1316 3267 Duobus
1328 3208 1434 3265 autem

317 3307 515 3390 temporibus
539 3307 677 3372 insulam
701 3310 887 3394 populatam
912 3333 982 3374 esse
1003 3318 1035 3375 et
1049 3312 1135 3375 bello
1152 3311 1262 3375 servili
1278 3318 1309 3374 et
1325 3316 1435 3386 antca;

316 3434 391 3476 nam
409 3414 454 3476 sic
474 3414 692 3499 intellegimus
707 3416 791 3500 quod
808 3418 915 3500 priore
931 3419 1113 3482 vastatione
1129 3419 1241 3502 paucis
1256 3422 1436 3481 memorate

319 3523 359 3586 ad
392 3521 477 3585 hunc
507 3523 640 3586 modum
673 3526 792 3608 pergit:
832 3529 888 3608 τὴν
911 3523 965 3590 οὖν
988 3527 1115 3612 ἐρημίαν
1137 3525 1385 3610 κατανοήσαντες
1408 3524 1437 3588 οἱ

317 3621 465 3714 Ῥωμαῖοι
481 3632 751 3716 κατακτησάμενοι
773 3631 812 3696 τά
833 3655 868 3696 τε
888 3636 944 3719 ὄρη
964 3636 1099 3697 καὶτῶν
1119 3633 1232 3697 πεδίων
1251 3633 1436 3698 τὰπλεῖστα

319 3737 517 3822 ἱπποφορβοῖς
532 3737 584 3801 καὶ
602 3738 762 3822 βουκόλοις
778 3743 830 3804 καὶ
846 3741 969 3825 ποιμέσι
984 3741 1167 3826 παρέδοσαν.
1207 3740 1274 3804 Nos
1290 3740 1435 3825 quando-

320 3843 448 3927 quidem
480 3844 612 3908 Pnnicis
635 3847 727 3910 bellis
751 3847 890 3912 Romani
916 3849 1026 3912 Sicilia
1048 3848 1214 3933 prouincia
1236 3848 1329 3932 potiti
1352 3854 1436 3927 sunt,

316 3950 487 4015 Himeram
516 3952 630 4017 Gelam
660 3953 842 4040 Callipolim
872 3955 1038 4020 Euboeam
1064 3956 1263 4020 Selinuntem
1289 3955 1435 4021 Camicus

316 4059 529 4068 *—

408 4091 433 4159 l)
453 4092 584 4160 Thucyd.
600 4099 624 4162 6,
644 4098 668 4149 2.
687 4096 771 4152 Dion.
793 4097 855 4152 Hal.
875 4098 985 4168 antiqu.
1005 4098 1087 4154 Rom.
1101 4103 1122 4166 l,
1142 4101 1184 4154 aa,
1253 4099 1256 4104 '

405 4184 433 4326 il)
453 4177 586 4253 Beitrtge
606 4201 658 4240 rur
677 4185 773 4241 Kn'tilr
793 4187 846 4242 der
865 4187 1083 4258 chorograpliie
1101 4189 1154 4244 des
1172 4191 1333 4258 Augustus.
1370 4190 1435 4247 Kicl

318 4275 385 4326 1878
450 4275 491 4327 82.
