3367 5184
856 626 901 688 28¹
945 660 986 668 -

408 805 548 870 Uberius
572 805 611 868 de
635 804 779 868 Diodoro
802 823 862 888 pro
885 801 1040 865 materiae
1056 803 1266 865 multitudine¹
1276 801 1437 886 agendum

320 922 382 995 est,
423 935 519 998 quem
547 933 619 975 curn
650 911 743 976 Livio
771 910 914 974 funditus
943 911 1125 974 consentire
1147 931 1223 974 mox
1247 910 1436 973 videbimus:

319 1023 407 1088 Μετὰ
438 1031 500 1086 τῶν
534 1018 756 1104 Καρχηδονίων
790 1016 960 1083 κατάλυσιν
994 1019 1043 1083 ἐπὶ
1078 1018 1227 1103 ἑξήκοντα
1261 1019 1342 1082 ἔτεσι
1376 1026 1438 1082 τῶν

320 1129 460 1208 Σικελῶν
495 1127 683 1212 εὐροοὺντιυν
718 1129 750 1192 ἐν
785 1135 878 1192 πᾶσιν
913 1127 930 1190 ὁ
965 1127 1106 1203 δουλικὸς
1145 1129 1248 1202 αὐτοῖς
1284 1124 1437 1208 ἐπανέστη

321 1237 456 1320 πόλεμος
484 1235 516 1312 ἐξ
545 1233 642 1310 αἰτίας
666 1235 807 1318 τοιαύτης
829 1235 987 1319 principio
1012 1235 1153 1318 excerpti
1177 1233 1262 1318 apud
1286 1233 1438 1297 Photium

268 1325 270 1332 ,
320 1344 473 1426 legimus3
498 1363 580 1425 quae
604 1342 703 1404 verba
725 1341 842 1406 Photio
868 1342 971 1424 magis
995 1364 1092 1425 quam
1107 1341 1252 1404 Diodoro
1268 1341 1439 1404 tribuenda

323 1473 392 1515 esse
417 1451 598 1528 docuimus3
623 1449 678 1512 sed
702 1450 800 1512 etiarn
825 1450 852 1512 si
867 1448 963 1512 Photi
986 1456 1070 1530 sunt,
1094 1471 1208 1533 parum
1232 1449 1330 1533 polite
1354 1449 1440 1512 diota

322 1557 555 1622 esseridentur
578 1577 636 1618 nec
660 1557 755 1620 nimis
780 1562 855 1641 apte
879 1557 1079 1620 conformata
1101 1558 1151 1622 ἐπί
1174 1554 1324 1641 ἑξήκοντα
1347 1557 1438 1638 ἔτεσι,

322 1666 398 1750 quia
428 1665 572 1728 dativum
603 1671 675 1748 post
705 1665 754 1728 ἐπί
785 1670 895 1727 tenere
919 1701 960 1709 —
984 1665 1016 1728 id
1050 1665 1135 1748 quod
1168 1665 1276 1728 multis
1309 1664 1438 1747 quidem

320 1772 442 1856 placuit
462 1807 503 1816 -
525 1771 656 1834 liberius
672 1772 809 1852 videtur,
834 1793 932 1856 quam
953 1773 1038 1857 quod
1054 1772 1238 1857 probemus,
1262 1770 1439 1855 utngero

323 1878 570 1962 adstipulamur,
606 1879 661 1962 qui
691 1879 707 1942 ἑ
737 1880 878 1942 litteram
918 1886 992 1942 ante
1024 1881 1074 1944 ἐπί
1106 1879 1256 1964 ἑξήκοντα
1292 1879 1440 1942 interisse

321 1982 414 2070 putat
436 1987 455 2048 l.
471 2007 497 2049 c.
514 2007 588 2070 pag.
610 1989 668 2051 101
685 2009 731 2069 sq.
779 1987 893 2070 ltaque
918 1988 1059 2051 Siciliam
1084 1988 1140 2050 ubi
1162 1989 1302 2071 primum
1325 1992 1441 2070 pecata

323 2100 371 2157 est
394 2115 452 2177 per
476 2095 642 2177 sexaginta
666 2095 807 2178 quinque
832 2116 933 2158 anuos
961 2116 1114 2178 prospere
1137 2095 1283 2157 floruisse
1306 2093 1441 2157 Photius

322 2201 434 2281 tradit,
474 2222 570 2283 quam
603 2201 725 2264 scilicet
754 2202 895 2265 secundo
924 2203 1008 2266 bello
1036 2201 1158 2265 Punico
1187 2202 1333 2265 confecto
1362 2201 1440 2264 nulli

323 2309 430 2400 hostes
446 2309 667 2370 vastavissent.
705 2308 768 2372 Sed
782 2308 1032 2372 Hannibalicum
1050 2309 1169 2371 bellum
1185 2307 1440 2372 subaudiendum

324 2437 393 2478 esse
422 2420 520 2498 negat
542 2414 692 2478 Buecher
715 2437 745 2498 p.
762 2418 840 2478 122:
876 2416 930 2478 vix
954 2437 1149 2499 quemquam
1173 2437 1253 2495 esse,
1279 2416 1356 2499 quin
1379 2415 1442 2477 illis

326 2525 403 2606 μετὰ
446 2533 508 2586 τῶν
550 2521 774 2607 Καρχηδονίων
816 2522 987 2587 κατάλυσιν
1034 2523 1193 2586 excidium
1237 2521 1442 2606 Carthaginis

326 2629 415 2692 urbis
439 2628 613 2712 significari
638 2630 798 2709 crederet;
837 2635 978 2692 attamen
1003 2630 1063 2692 hoo
1087 2636 1357 2713 argumentuma
1378 2631 1442 2692 fide

325 2737 485 2817 abhorret,
510 2737 594 2819 quod
608 2730 704 2799 Photi
720 2737 774 2820 qui
790 2738 1006 2800 narrationem
1020 2738 1060 2800 de
1076 2744 1160 2800 statu
1173 2738 1302 2800 Siciliae
1317 2737 1442 2800 insulae

324 2844 436 2927 paucis
460 2845 733 2928 comprehendere
756 2845 825 2907 vult
849 2844 931 2907 sicut
947 2845 1047 2928 ipsius
1060 2843 1195 2909 Diodori
1213 2868 1230 2908 e
1247 2844 1443 2929 Carthagine

326 2950 432 3013 deleta
460 2952 567 3014 miuus
594 2951 749 3014 intererat
772 2973 868 3036 quam
894 2951 935 3014 ab
960 2953 1059 3016 altero
1086 2953 1169 3016 bello
1194 2952 1317 3017 Punico
1342 2975 1443 3017 annos

324 3053 537 3139 numerare.¹)
585 3057 736 3122 Ceterum
765 3059 917 3122 tredecim
945 3042 1061 3124 lustris
1077 3061 1118 3124 ad
1142 3083 1261 3124 anirum
1286 3062 1354 3124 fere
1381 3063 1441 3126 136

325 3155 540 3242 perreuimus.

414 3271 526 3356 Neque
549 3297 625 3338 vero
656 3275 695 3337 de
727 3282 914 3359 excerptore
943 3277 1087 3359 quaestio
1112 3283 1194 3356 esto,
1231 3276 1286 3339 sed
1310 3276 1350 3338 de
1373 3276 1442 3358 ipso

326 3379 485 3459 Diodor03
510 3381 595 3444 hunc
621 3383 739 3445 hellam
764 3384 879 3446 servile
897 3382 1063 3446 Siciliense
1084 3385 1179 3447 simili
1196 3383 1344 3446 seditioni
1361 3403 1443 3465 quae

326 3489 360 3550 in
383 3487 462 3550 Asia
489 3487 549 3552 fuit
579 3510 782 3572 comparasse
805 3491 966 3570 videmus,
1002 3512 1075 3553 cum
1104 3491 1219 3554 hocin
1243 3489 1443 3573 praefatione

328 3595 462 3658 diceret:
486 3598 522 3659 τὸ
545 3597 761 3681 παραπλησίον
785 3598 818 3660 δὲ
841 3597 951 3682 γέγονε
974 3599 1028 3660 καί
1050 3601 1133 3661 κατὰ
1155 3600 1211 3680 τὴν
1231 3592 1339 3660 Ἀσίαν
1362 3599 1445 3660 κατὰ

327 3704 398 3778 τοὺς
421 3702 532 3794 αὐτοὺς
560 3706 684 3786 καιροὺς
708 3699 919 3788 Ἀριστονίκου
948 3705 1002 3786 μὲν
1025 3703 1301 3788 ἀντιτοιησαμένου
1324 3705 1443 3786 της.μὴ

327 3809 540 3894 προςηκούσης
565 3808 730 3892 βασιλείας,
754 3819 815 3875 τῶν
836 3813 870 3875 δὲ
886 3811 1006 3875 δούλων
1021 3812 1072 3876 διὰ
1085 3813 1142 3888 τὰς
1156 3812 1194 3875 ἐκ
1208 3817 1270 3875 τῶν
1286 3811 1445 3874 δεσποτῶν

327 3916 498 4000 κακουχίας
529 3918 848 4002 συναπονοησαμὲνων
877 3919 996 3982 ἐκείνοι
1024 3921 1077 3982 καί
1102 3919 1246 4004 μεγάλοις
1269 3918 1445 4010 ἀτυχήμασι

327 4058 540 4066 ——m--n-a-o—-n

420 4145 444 4212 1)
465 4145 506 4200 Ne
529 4147 721 4202 antecessisse
743 4149 864 4218 quidem
885 4149 964 4219 apud
985 4147 1172 4204 Posidonium
1193 4149 1388 4204 narrationem
1409 4147 1445 4202 de

327 4234 444 4292 Siciliae
461 4235 548 4290 rebus
561 4237 633 4291 satis
645 4239 763 4293 uheram
779 4254 845 4294 cum
861 4239 1009 4294 Buechero
1019 4255 1046 4310 p.
1057 4241 1107 4294 123
1117 4239 1250 4296 conicere
1263 4252 1382 4296 necesse
1393 4243 1448 4299 est.
