3367 5184
683 670 905 730 ,47-

208 879 209 882 ’
236 865 326 945 belli,
367 864 452 949 quod
476 885 541 928 nou
564 864 693 927 brevius
717 868 823 926 tamen
848 869 980 946 propter
1004 870 1125 926 ceteras
1149 868 1355 946 tempestates

234 995 319 1056 quae
357 973 527 1056 imperium
566 970 751 1035 Romanum
787 976 864 1035 tunc
898 970 967 1033 fere
1002 976 1187 1033 everterunt
1221 969 1355 1033 minoris

236 1081 390 1143 momenti
413 1079 487 1160 fuit,
508 1078 631 1142 'Livius
654 1079 710 1141 uni
733 1078 815 1141 libro
840 1099 880 1141 an
904 1077 1050 1161 pluribus
1072 1078 1258 1149 inseruerit,
1290 1078 1353 1141 iarn

236 1197 299 1250 non
325 1187 561 1270 cognosoImus3
602 1186 725 1249 accedit
764 1185 848 1268 quod
884 1185 924 1247 de
956 1184 1099 1247 fontibus
1132 1185 1200 1247 eius
1234 1191 1354 1248 certam

233 1294 418 1378 opinionem
442 1295 514 1378 capi
538 1315 601 1356 non
618 1313 711 1376 posse
728 1313 826 1376 supra
842 1293 1142 1355 demonstravimus.
1191 1291 1353 1370 Similiter,

236 1422 434 1485 quamquam
458 1422 569 1464 omnes
594 1406 795 1484 excerptores
817 1399 954 1463 Diodori
978 1406 1052 1462 ante
1070 1399 1157 1462 Salvi
1173 1397 1355 1483 Tryphonis

234 1508 424 1572 seditionem
453 1509 573 1571 bellum
600 1506 828 1592 Iugurthinum
856 1507 1031 1570 memoriae
1062 1506 1272 1585 tradiderunt,
1297 1507 1353 1569 ad·

234 1616 379 1679 iecerunt
412 1615 633 1679 Romanorum
669 1615 753 1698 apud
786 1615 1000 1677 Arausionem
1025 1620 1191 1697 acceptam
1218 1613 1353 1693 cladem,

233 1722 287 1786 cui
309 1724 532 1806 prohoemium
555 1722 691 1785 Diodori
715 1728 824 1805 aperte
849 1722 1009 1784 adnexum
1034 1727 1095 1802 est,
1135 1726 1247 1806 postea
1271 1721 1355 1783 sedi-

235 1832 354 1893 tionem
379 1830 543 1893 Saturnini
567 1835 599 1892 et
621 1829 794 1892 Marsicum
810 1829 930 1894 bellum
947 1835 1171 1907 narraverunt,
1195 1834 1227 1891 et
1241 1849 1354 1911 quam-

233 1959 331 2021 quam
344 1959 449 2021 neque
460 1937 692 2000 Esourialensis
705 1942 873 2020 excerptor
884 1935 1173 2019 nequcVaticanus
1183 1957 1289 2019 nequo
1299 1937 1354 2019 qni

186 2026 190 2034 ’
235 2047 274 2108 de
307 2046 478 2109 virtutibus
517 2052 548 2108 et
580 2046 665 2108 vitiis
698 2045 825 2129 scripsit
856 2065 909 2108 res
944 2065 1097 2127 umquam
1128 2043 1354 2121 confuderunt,

234 2159 352 2234 tamen,
386 2153 471 2237 quod
506 2174 523 2216 e
548 2151 700 2216 Cimbrici
735 2153 811 2216 belli
841 2152 960 2214 ultimis
989 2152 1082 2214 annis
1115 2156 1266 2234 excerpta
1289 2170 1353 2212 non
1389 2208 1391 2214 .

234 2267 373 2342 exstant,
406 2261 584 2324 Diodorum
610 2269 644 2324 ut
667 2259 782 2345 prioris
814 2259 892 2323 belli
915 2260 1088 2324 maximam
1113 2264 1238 2342 partem
1268 2277 1354 2319 nunc

233 2375 334 2432 totum
359 2369 531 2432 tumultum
555 2367 618 2432 urio
643 2376 752 2431 tenore
776 2369 957 2431 narravisse
982 2367 1130 2431 concludi
1155 2365 1275 2448 nequit.
