3367 5184
746 654 879 756 „¹270
925 690 967 699 ..

292 823 431 895 O'ras'sus
461 837 591 916 praetor
621 833 761 918 primurn
786 833 898 896 decem
922 833 1012 896 milia
1034 833 1178 898 hostiurn
1201 834 1340 898 feliciter
1362 856 1421 918 ag-

294 959 423 1022 gressus
448 939 528 1004 duas
552 947 658 1024 parter
682 941 810 1003 necavit
827 937 926 1024 (App.
946 937 1036 1022 118),
1060 940 1112 1004 vel
1129 940 1176 1004 VI
1192 940 1281 1004 milia
1305 942 1423 1006 cecidit

293 1054 475 1131 nongentos
500 1067 575 1111 vero
600 1049 685 1132 cepit
700 1047 807 1126 (Oros.
826 1045 845 1127 ἓ
862 1046 916 1128 6);
940 1052 1009 1112 tum
1033 1069 1073 1112 ex
1096 1049 1238 1113 exercitu
1260 1049 1418 1134 Spartaci,

295 1175 369 1220 curn
402 1175 459 1239 por
492 1155 660 1220 Samnium
693 1156 754 1220 iter
790 1156 927 1232 faceret,
966 1157 1016 1220 bis
1048 1178 1105 1220 sex
1136 1156 1226 1220 milia
1257 1157 1421 1221 interfecit

295 1261 393 1346 (App.
411 1261 486 1344 ib.);
509 1263 601 1328 brevi
624 1271 696 1347 post
719 1263 759 1327 de
776 1261 945 1328 Gallorum
957 1261 1261 1349 Germanorumque
1277 1265 1419 1328 exercitu

295 1389 369 1433 curn
404 1370 484 1434 duce
518 1369 663 1436 Gannico
700 1391 793 1436 cassa
825 1377 900 1435 sunt
923 1370 1066 1456 quinque
1098 1372 1139 1436 ad
1169 1373 1301 1456 triginta
1330 1371 1422 1435 milia

295 1475 379 1554 (Liv.
396 1497 463 1562 por.
482 1479 535 1558 97,
573 1478 715 1543 Frontis.
749 1481 779 1559 2,
814 1482 844 1561 5,
876 1478 948 1561 34),
987 1479 1100 1543 nltinro
1133 1480 1262 1544 taudem
1296 1479 1421 1564 proelio

294 1583 354 1648 LX
375 1584 464 1648 milia
484 1585 648 1665 cecidisse,
669 1584 715 1648 VI
732 1585 821 1650 milia
845 1593 938 1670 capta
962 1607 1032 1650 esse
1048 1586 1182 1651 Orosius
1195 1585 1230 1668 (ᾗ
1246 1589 1265 1650 7
1282 1615 1319 1639 =
1333 1586 1416 1672 App.

299 1693 360 1755 120
385 1692 454 1772 fin.)
480 1693 569 1773 dieit3
603 1694 629 1756 si
653 1715 813 1758 summam
836 1694 928 1775 facis,
953 1701 1082 1758 centum
1105 1694 1307 1779 undeviginti
1331 1693 1422 1757 milia

295 1806 327 1863 et
350 1807 529 1885 nongentos
554 1801 746 1885 Spartacum
770 1801 916 1865 amisisse
940 1803 1107 1885 cognoscis
1124 1823 1164 1865 ex
1180 1800 1272 1865 OXX
1288 1801 1421 1865 milibus

296 1929 378 1992 qnae
419 1915 528 1988 antea,
568 1929 642 1971 curn
682 1907 807 1971 Romae
850 1908 939 1972 urbis
976 1909 1214 1993 aggrediendae
1250 1909 1418 1973 consilium

296 2022 438 2099 caperet,
475 2037 562 2090 euru¹
582 2017 809 2099 sequebantur.
862 2015 977 2080 Fidem
1009 2016 1162 2081 Sallustio
1196 2037 1292 2101 qnam
1324 2015 1420 2080 Livio

294 2123 451 2186 maiorem
475 2123 679 2187 tribuendam
704 2145 773 2188 esse
797 2124 1006 2188 manifestum
1030 2130 1088 2205 est,
1121 2125 1178 2188 sed
1201 2123 1329 2187 numeri
1352 2144 1418 2187 ser-

294 2249 409 2293 vorum
426 2229 623 2314 aptissimam
641 2251 754 2294 ansam
770 2231 928 2315 praebent
945 2231 1172 2316 cognoscendi,
1201 2237 1321 2314 quanta
1334 2229 1421 2293 inter

295 2337 424 2402 Livium
452 2342 485 2400 et
509 2337 694 2421 Appianum
722 2338 903 2401 intercedat
927 2339 1147 2421 congruentia.
1194 2337 1308 2422 Neque
1332 2338 1418 2400 enim

295 2442 420 2524 desunt,
445 2445 501 2529 qui
524 2444 617 2509 Livio
642 2446 815 2530 quicquam
839 2446 1027 2532 Appianum
1051 2446 1170 2512 debere
1193 2451 1323 2529 negent.

385 2552 478 2617 Nunc
503 2553 543 2617 ad
566 2553 700 2617 alteram
725 2575 822 2638 quam
846 2555 1073 2639 proposuimus
1098 2556 1321 2639 quaestionem
1343 2573 1420 2638 pro·
1475 2628 1478 2635 1

236 2732 239 2740 ,
295 2660 513 2746 graderemur,
537 2661 599 2725 nisi
624 2683 678 2726 aas
701 2681 762 2740 res,
788 2663 905 2746 quibus
924 2662 1036 2726 Livius
1059 2683 1133 2727 oum
1150 2662 1283 2726 Sallusti
1306 2683 1420 2726 narra·

295 2768 381 2832 tione
406 2768 569 2851 dissentit,
605 2770 778 2854 explanare
801 2776 974 2854 propterea
998 2770 1296 2854 supersederemus,
1332 2769 1419 2853 quod

294 2876 567 2940 Maurenbreoher
590 2883 690 2940 totam
713 2877 753 2941 de
777 2878 918 2941 tumultu
933 2877 1143 2962 lugitivorum
1160 2875 1417 2941 dissertationem

296 2984 341 3047 sio
364 2984 515 3064 instituit,
545 2991 593 3065 ut,
627 2991 825 3070 quantopere
850 2986 890 3048 ab
914 2984 969 3048 illo
994 2985 1182 3049 abhorreret
1205 2983 1332 3064 Livius,
1363 3005 1420 3047 ex-

294 3099 439 3176 poneret.

386 3200 491 3272 Quam
518 3201 559 3264 ob
588 3222 657 3263 rem
685 3201 725 3265 ad
754 3203 884 3264 tertium
914 3223 1031 3265 munus
1055 3201 1246 3265 deducimur
1269 3220 1308 3263 ea
1332 3198 1420 3263 colli-

295 3307 403 3392 gendi,
427 3308 543 3392 quibus
568 3309 661 3372 ambo
687 3308 868 3372 consentire
881 3308 1032 3372 videntur
1056 3303 1093 3371 et
1108 3329 1191 3392 quae
1215 3307 1420 3370 doctissimus

295 3415 345 3480 vir
376 3415 486 3501 inique
521 3417 641 3480 omisit:
681 3417 822 3501 primum
856 3417 896 3480 de
929 3416 1113 3480 nominibus
1147 3413 1294 3499 Spartaci
1330 3411 1419 3475 Orixi

296 3524 469 3605 Oenomai,
513 3545 709 3609 quamquam
752 3524 865 3607 paucis
905 3524 1032 3595 diebus,
1078 3527 1250 3606 postquam
1289 3519 1419 3603 fugitivi

297 3630 410 3717 Capua
437 3632 549 3696 relicta
572 3631 750 3694 Vesuvium
774 3638 916 3696 montem
942 3636 1197 3714 occupaverunt,
1232 3627 1421 3691 Oenomaus

296 3760 483 3823 supremum
495 3738 581 3802 diem
594 3738 682 3818 obiit,
696 3738 812 3822 quade
825 3758 1040 3822 causanequc
1055 3737 1088 3799 in
1104 3735 1257 3820 periocha
1273 3733 1344 3797 Livi
1361 3755 1420 3797 ne-

296 3867 359 3930 que
370 3846 455 3931 apud
466 3845 675 3912 Plutarchum
686 3865 803 3909 nomen
814 3846 882 3908 eins
893 3844 1022 3928 legitur,
1031 3842 1143 3907 Livius
1152 3839 1420 3927 (Eutr.-l-Oros.)

296 3958 328 4016 et
352 3953 523 4018 Sallustius
540 3951 655 4036 (Flor.)
679 3952 905 4032 consentiunt,
929 3958 997 4016 tum
1022 3950 1240 4015 narrationem
1263 3950 1303 4013 de
1327 3948 1419 4012 clade

296 4059 414 4125 Olaudi
445 4059 576 4141 Glabri,
612 4081 709 4146 quam
740 4059 915 4124 Frontinus
949 4060 978 4139 l,
1004 4058 1035 4139 2,
1057 4061 1098 4122 21
1129 4058 1259 4122 Livium
1288 4062 1420 4121 secutus

296 4167 446 4254 praebet,
481 4174 547 4232 tarn
581 4169 663 4232 bene
698 4168 731 4230 in
764 4165 975 4231 Plutarchum
1011 4166 1143 4231 Sallusti
1175 4167 1418 4251 epitomatorem

296 4276 456 4362 quadrare
485 4276 648 4356 videmus,
679 4281 724 4347 ,ut
751 4275 858 4360 ipsum
873 4287 876 4294 '
892 4274 1081 4340 Sallustium
1109 4295 1184 4338 eum
1212 4271 1420 4356 exscripsisse
