3367 5184
323 1539 497 1603 Servorum
514 1537 669 1602 tumultus
685 1537 850 1620 graviores
866 1559 972 1622 neque
988 1538 1073 1622 apud
1089 1535 1232 1603 Graecos
1247 1560 1353 1624 neque

232 1647 317 1731 apud
333 1645 498 1710 Romanos
520 1665 645 1708 summo
667 1645 807 1708 culmine
827 1644 977 1708 fortunae
994 1645 1149 1709 accidisse
1165 1646 1351 1725 traduntur3

232 1753 420 1817 cadentibus
433 1753 570 1836 publicis
582 1752 677 1815 rebus
689 1752 1057 1837 subversisquepriratis
1068 1773 1141 1816 cum
1153 1753 1351 1818 miserrimae

232 1862 326 1925 sortis
342 1861 489 1923 homines
506 1865 538 1924 et
554 1873 701 1943 expertes
717 1859 826 1943 legum
846 1860 1015 1943 omnisque
1027 1860 1183 1923 libertatis
1196 1860 1352 1943 gliscente

232 1969 305 2032 odio
330 1968 492 2030 servitutis
516 1967 670 2030 adversus
694 1966 842 2031 dominos
866 1967 1045 2031 rebellandi
1068 1967 1237 2031 consilium
1255 1988 1352 2051 saepe

233 2079 395 2158 caperent,
429 2075 490 2137 tria
518 2073 676 2136 acerrima
703 2073 789 2136 bella
817 2073 946 2137 servilia
969 2073 1126 2138 Romanis
1150 2076 1351 2154 exstiterunt,

232 2183 372 2267 primum
397 2202 470 2244 cum
494 2179 685 2244 Gracchana
709 2180 866 2244 seditione
890 2182 966 2245 urbs
990 2192 1183 2262 moveretur,
1215 2182 1352 2245 alterum

233 2310 305 2352 curu
319 2286 442 2352 Cimbri
455 2294 487 2350 et
498 2287 660 2351 Teutones
677 2294 780 2352 totum
796 2288 968 2372 imperium
983 2294 1127 2351 evertere
1148 2294 1351 2369 conarentur,

232 2395 362 2459 tertium
392 2395 482 2459 Sulla
510 2395 666 2459 dictatore
696 2401 821 2459 mortuo
851 2417 925 2459 cum
952 2395 1064 2479 plebes
1087 2417 1126 2458 ea
1149 2416 1232 2479 quae
1257 2401 1353 2458 autea

233 2503 391 2566 habuerat
418 2504 489 2566 iura
517 2523 708 2587 recuperare
734 2523 938 2586 summopere
962 2502 1114 2582 studeret,
1150 2502 1226 2566 loris
1251 2502 1352 2567 auda-

234 2611 352 2674 cissimi
391 2611 499 2674 hostes
540 2611 747 2674 minarentur.
823 2608 962 2674 Tristem
1001 2611 1222 2674 condicionem
1260 2631 1353 2673 man-

232 2718 390 2801 cipiorum
418 2718 601 2802 explanare,
640 2717 838 2781 debilitatem
868 2718 915 2780 rei
943 2718 1090 2801 publicae
1114 2723 1155 2801 Ιεἰ
1186 2718 1353 2800 angustias

233 2826 391 2908 imprimis
420 2825 573 2888 militares
602 2825 833 2904 demonstrare,
869 2823 1013 2888 fortunas
1042 2824 1118 2887 belli
1145 2845 1298 2888 enarrare
1322 2832 1355 2887 et

234 2932 350 2994 ducum
378 2938 409 2993 et
433 2931 610 2994 factionum
634 2933 769 2994 virtutes
794 2937 851 2995 aut
873 2932 1033 3014 nequitias
1056 2930 1112 2994 alii
1134 2938 1209 2994 suut
1229 2931 1353 3010 couati;

234 3058 292 3100 nos
312 3039 516 3121 quaestiones
533 3059 616 3121 quae
633 3044 810 3121 sequuntur
826 3039 951 3120 exiguis
966 3038 1083 3101 finibus
1100 3039 1352 3102 continebimus:

233 3145 339 3208 fontes
360 3150 392 3208 et
413 3145 636 3208 auctoritatem
656 3165 765 3208 rerum
787 3145 978 3229 scriptorum
1000 3146 1116 3229 quibus
1138 3167 1209 3209 eam
1231 3167 1354 3210 memo·

233 3252 313 3316 riam
345 3253 500 3316 debemus
533 3258 671 3316 tractare
703 3252 925 3336 suscipiemus.
973 3252 1064 3323 Quae
1092 3254 1180 3336 prior
1208 3255 1353 3336 quaestio

234 3361 326 3444 quasi
349 3359 596 3424 fundamentum
620 3360 754 3444 praebet
778 3359 874 3423 'alteri
902 3360 1127 3440 instituendae,
1174 3361 1296 3424 scilicet
1320 3369 1354 3423 ut

234 3469 375 3532 recensis
403 3468 546 3532 fontibus
574 3474 680 3532 utrum
710 3467 899 3531 recentioris
927 3468 1081 3551 temporis
1103 3467 1165 3530 riri
1193 3467 1277 3530 docti
1301 3488 1353 3530 res

234 3575 477 3659 chronologicas
509 3597 591 3659 quae
619 3575 770 3638 dicuntur
809 3581 896 3638 recte
935 3575 1143 3638 tractaverint
1181 3595 1354 3658 rerumque

235 3682 379 3746 ordinem
404 3703 441 3746 ac
462 3685 697 3748 successionem
718 3684 799 3747 bene
820 3683 1043 3768 perspexerint
1059 3703 1160 3745 necne
1175 3682 1353 3745 videamus.

323 3789 418 3853 Prius
441 3811 517 3853 vero
542 3787 639 3874 quam
661 3791 694 3852 in
719 3790 842 3853 medias
860 3811 912 3853 res
928 3811 1049 3870 eamus,
1075 3810 1114 3852 ue
1130 3789 1354 3853 adnotationes

235 3918 374 3961 uncosue
395 3897 480 3960 iufra
502 3898 712 3976 cumulemus,
738 3898 833 3981 pauci
848 3897 923 3960 libri
943 3903 975 3961 et
993 3896 1234 3961 dissertationes
1251 3897 1353 3960 nomi-

235 4005 343 4068 nanda
378 4011 461 4083 sunt,
499 4005 614 4088 quibus
650 4005 814 4068 seruilium
845 4005 1003 4069 bellorum
1033 4011 1089 4068 aut
1120 4006 1263 4069 omnium
1299 4012 1355 4068 aut

236 4111 330 4172 unius
354 4111 493 4174 cuiusvis
518 4114 585 4175 sive
610 4112 713 4176 fontes
738 4114 873 4197 expositi
898 4120 973 4177 sunt
996 4112 1063 4176 sive
1087 4113 1169 4176 aliae
1193 4135 1258 4176 res:

324 4215 374 4280 De
409 4219 500 4282 bellis
526 4219 746 4284 siciliensibus
779 4222 977 4306 scripserunt
1002 4221 1059 4284 viri
1091 4221 1174 4284 docti
1207 4220 1275 4284 lere
1305 4220 1352 4283 hi:

1249 4347 1262 4395 l
