3367 5184
722 642 942 729 -69-

265 842 392 909 pavens
416 841 450 886 se
473 820 596 905 recipit,
621 825 657 884 ut
672 820 849 886 exercitum
864 819 1064 906 duplicaret“
1074 847 1082 901 3
1110 819 1194 885 Plut.
1213 821 1232 883 9
1248 819 1394 886 Κλωδίου

265 937 445 1016 στρατηγοῦ
478 932 555 1014 μετὰ
586 928 762 1014 τρισχιλίων
794 927 993 1014 πεμφθέντος
1025 930 1062 993 ἐκ
1092 920 1216 1014 Ῥώμης
1247 963 1289 972 -
1320 929 1394 992 ὑπο-

268 1037 446 1122 στράτηγόν
468 1055 536 1102 τινα
558 1035 694 1122 Φούριον
716 1036 829 1121 ἔχοντα
844 1035 1006 1121 διςχιλίους
1021 1034 1212 1120 στρατιώτας
1226 1033 1394 1119 ἐτρέψαντο

272 1181 314 1189 -
338 1144 502 1210 Κοσσίνιον
530 1139 748 1209 ἀποσταλέντα
775 1147 854 1228 μετὰ
879 1142 999 1228 πολλῆς
1028 1143 1186 1227 δυνάμεως
1208 1141 1395 1226 ἐπιτηρήσας

267 1253 289 1318 ό
312 1252 497 1338 Σπάρτακος
523 1287 564 1295 -
588 1249 726 1316 Λέντλου
750 1251 785 1314 δέ
811 1253 865 1314 τὸν
888 1248 1075 1334 Σπάρτακον
1099 1248 1245 1334 μεγάλοις
1267 1267 1395 1333 στρατο-

268 1359 374 1436 πέδοις
404 1357 622 1445 περιλαβόντος
651 1393 693 1402 —-
720 1356 859 1434 Κάσσιος
890 1356 907 1420 ὁ
936 1368 992 1443 της
1020 1360 1089 1443 περί
1112 1357 1217 1422 Πάδον
1240 1354 1395 1434 Γαλατίας

267 1469 444 1553 στρατηγός
483 1466 565 1550 ἔχων
600 1462 724 1549 μυρίους
760 1465 920 1550 ἀπήντησε
1059 1462 1196 1541 πολλοὺς
1226 1463 1394 1548 ἀποβαλών

269 1574 360 1658 μόλις
388 1575 480 1650 αὐτὸς
508 1572 653 1656 ἐξέφυχε;
682 1593 752 1657 cap.
780 1576 820 1636 10
844 1571 986 1658 Μόμμιον
1009 1574 1043 1637 δέ
1065 1572 1255 1658 πρεσβευτὴν
1279 1574 1395 1655 ἄγοντα

274 1680 328 1748 δόο
351 1679 496 1764 τάγματα
521 1715 562 1724 —-
586 1679 698 1743 πολλοί
721 1680 776 1764 μέν
799 1680 910 1745 ἔπεσον
932 1679 1043 1744 πολλοί
1066 1675 1094 1744 δ’
1109 1683 1182 1745 ἄνευ
1205 1689 1267 1744 τῶν
1290 1676 1395 1744 ὅπλων

267 1788 439 1873 ιρεόγοντες
471 1784 641 1871 ἐσώθησαν
671 1821 712 1832 -
741 1773 963 1864 πεντακοσίους
995 1789 1029 1852 δὲ
1055 1789 1127 1864 τοὺς
1154 1787 1327 1872 πρώτους.
1353 1833 1394 1851 ..

269 1897 317 1973 εἰς
344 1895 538 1979 πεντήκοντα
565 1895 719 1979 διανείμας
752 1892 886 1972 δεκάδας
913 1891 967 1980 ἀφ’
990 1895 1124 1980 ἑκάστης
1139 1895 1318 1961 ἀπέκτεινεν
1340 1896 1396 1959 ἕνα

270 2004 392 2087 κληρώι
408 2003 556 2087 λαχόντα,
574 2002 661 2086 quod
672 2002 860 2087 Appianum
874 2023 974 2086 supra
985 2003 1124 2087 vidimus
1140 2005 1186 2066 sic
1202 2003 1394 2093 occultasse:

271 2112 323 2176 ἐπὶ
340 2108 481 2175 θανάτωι
498 2106 589 2195 μέρος
605 2107 736 2175 δέκατον
752 2109 924 2194 διέφθειρε;
952 2110 1057 2194 capite
1076 2112 1113 2172 ll
1132 2107 1267 2173 Crassus
1284 2110 1396 2194 ἄνδρας

269 2218 498 2304 ἑξακισχιλίους
518 2217 683 2282 ἀπέστειλε
698 2215 740 2281 ad
755 2217 1058 2301 praeoccupandum
1075 2223 1217 2280 montem
1233 2247 1266 2266 =
1283 2215 1394 2280 Front.

273 2325 304 2405 2,
321 2327 388 2405 4,7
423 2325 612 2406 „duodecim
642 2323 826 2402 cohortes“;
865 2324 1004 2409 Appiau.
1028 2325 1090 2388 120
1118 2324 1161 2400 ώς
1188 2324 1281 2409 φόνον
1308 2323 1395 2407 γενέ-

269 2433 384 2498 σθαι.
410 2478 418 2494 .
443 2479 451 2494 .
475 2427 639 2517 Ῥωμαίων
663 2477 671 2493 .
696 2477 704 2503 ,.
728 2477 737 2493 .
761 2432 793 2508 ἐς
814 2431 932 2516 χιλίους
955 2429 1075 2517 ἄνδρας.
1124 2430 1215 2503 Quae
1247 2453 1319 2495 cum
1350 2431 1395 2495 ita

266 2541 346 2616 sint,
371 2561 410 2604 en
434 2540 589 2604 maiorem
606 2538 703 2603 fidem
721 2539 872 2603 Sallustio
889 2539 1070 2620 tribuimus,
1095 2540 1159 2623 qui,
1185 2560 1258 2602 cum
1274 2538 1395 2602 Roma·

271 2668 390 2710 norum
414 2645 653 2710 multitudinem
678 2647 760 2710 bene
784 2646 1003 2730 comperisset,
1032 2653 1126 2709 caute
1154 2645 1254 2719 cavit,
1291 2667 1331 2709 ne
1355 2646 1396 2709 de

269 2754 373 2839 copiis
398 2775 564 2818 servorum
588 2754 680 2818 fictos
703 2775 856 2818 numeros
879 2764 1083 2838 propagaret.

364 2861 476 2925 Livius
499 2882 563 2925 non
588 2862 676 2943 item,
701 2862 756 2945 qui
780 2869 900 2924 certam
924 2861 1083 2926 theoriam
1107 2883 1326 2942 numerorum,
1361 2868 1397 2926 ut

271 2969 320 3032 ita
354 2968 514 3049 dicamus,
557 2975 613 3034 aut
655 2975 783 3034 secutus
824 2976 875 3033 est
914 2976 970 3034 aut
1006 2971 1075 3054 ipse
1107 2969 1266 3049 condidit3
1309 2969 1394 3054 quod

274 3081 310 3139 ut
358 3075 538 3140 evidentius
587 3077 813 3161 perspiciatur,
873 3077 1042 3161 periochas
1088 3084 1120 3140 et
1169 3078 1396 3162 epitomatorea

272 3189 307 3246 et
346 3182 485 3246 asseclas
524 3183 597 3248 Livi
637 3183 855 3248 conferamus:
899 3185 1013 3268 primo,
1037 3185 1197 3250 exercitus
1229 3206 1396 3249 servorum

271 3290 488 3374 quadraginta
516 3291 646 3356 milibus
670 3292 876 3371 constabant3
915 3312 991 3356 uam
1015 3290 1112 3366 Crixo
1136 3292 1217 3356 duce
1240 3291 1274 3354 X
1297 3291 1395 3372 milia,

276 3397 431 3482 Spartaco
446 3397 544 3460 XXX
560 3397 649 3461 milia
665 3419 722 3482 per
738 3397 951 3483 Campaniam
966 3401 1170 3483 vagabantur
1185 3399 1293 3487 (Oros,
1312 3398 1396 3478 §·2);

272 3505 371 3590 paulo
400 3511 487 3590 post,
523 3525 598 3569 cum
625 3505 753 3570 interim
788 3506 965 3578 secundum
993 3506 1185 3591 Eutropium
1217 3505 1277 3569 LX
1307 3505 1397 3570 milia

272 3611 421 3693 fuissent,
446 3611 604 3696 triplicem
621 3611 830 3696 fugitivorum
846 3613 1086 3678 multitudinem
1104 3619 1215 3677 contra
1231 3612 1397 3677 Romanos

273 3719 387 3784 Livius
401 3727 601 3804 pugnantem
617 3719 705 3802 facit,
721 3721 742 3784 i.
757 3742 784 3785 e.
797 3719 888 3784 CXX
904 3722 994 3785 milia
1009 3721 1176 3786 hominnm
1192 3720 1293 3806 (App.
1306 3721 1395 3803 117),

273 3846 413 3910 qnorum
434 3827 566 3911 triginta
586 3827 716 3891 milibus
739 3826 855 3892 Crixus
875 3835 1025 3912 praeerat
1047 3827 1146 3914 (App.
1164 3828 1219 3909 ib,
1241 3827 1311 3892 Liv.
1327 3849 1395 3913 per.

274 3930 351 4013 96);
367 3934 476 4018 plures
489 3955 598 4000 servos
612 3955 788 4019 numquam
802 3935 976 4020 Spartacus
989 3935 1105 4020 coegit,
1119 3936 1176 4000 sed
1188 3937 1229 4000 ab
1241 3935 1302 4000 hoc
1316 3942 1397 4002 tem·
1414 4010 1416 4015 ,

273 4059 354 4124 pore
377 4041 553 4112 exercitum
577 4042 733 4127 paulatim
758 4044 918 4107 minutum
943 4065 1014 4108 esse
1028 4043 1141 4126 Livius
1163 4050 1229 4110 tam
1247 4048 1396 4108 accurate

277 4147 430 4220 narravit,
455 4153 490 4212 ut
513 4149 646 4214 totidem
669 4149 738 4214 fere
762 4150 914 4235 fugitivos
936 4152 1069 4236 proeliis
1092 4157 1149 4216 aut
1171 4151 1326 4216 cecidisse
1340 4157 1397 4216 aut

274 4260 389 4338 captos
424 4275 494 4319 esse
534 4256 689 4335 traderet3
728 4278 811 4342 quae
847 4259 1043 4343 computatio
1078 4259 1150 4322 luce
1185 4259 1301 4324 clarior
1333 4264 1395 4323 est:
