3367 5184
708 659 937 755 ..7.7

338 833 490 899 Ceterum
515 834 685 900 offenderit
707 834 824 920 aliquis
841 856 915 899 oum
932 836 1009 900 talia
1031 836 1110 919 legit
1132 843 1168 900 nt
1191 834 1245 916 34,
1269 836 1301 914 ’2,
1324 835 1367 898 40

248 945 305 1007 καὶΙ
325 945 410 1028 παρὰ
430 951 494 1019 τοῖς
516 941 647 1018 οἰκέταις
664 939 896 1028 αὐτοδίδακτός
919 943 1001 1008 ἐστιν
1024 944 1045 1027 η
1068 942 1158 1026 φύσις
1181 943 1223 1019 εἰς
1246 941 1367 1006 δικαίαν

248 1049 396 1116 ἀπόδοσιν
415 1046 540 1135 χάριτός
555 1070 590 1112 τε
605 1051 658 1113 καὶ
678 1049 824 1133 τιμωρίας
848 1056 880 1113 et
902 1049 956 1130 34,
980 1050 1011 1128 2,
1036 1052 1076 1113 41
1103 1051 1184 1114 ὥστε
1204 1049 1367 1133 θαυμάσαι

247 1155 304 1240 την
318 1176 352 1220 τε
377 1167 433 1241 τῆς
447 1155 543 1241 τύχης
559 1155 751 1241 περιπέτειαν
767 1159 820 1220 καὶ
835 1159 872 1221 τὸ
887 1159 943 1240 την
959 1159 1041 1221 κατὰ
1056 1165 1118 1221 τῶν
1138 1155 1367 1220 εὐτελεστάτων

248 1263 427 1347 εὐεργεσίαν
449 1263 640 1348 ἀμειφθηναι
655 1266 711 1327 σὺν
726 1272 837 1348 καιρῶι
853 1261 1035 1348 τηλικαύτηι
1050 1264 1160 1348 χάριτι,
1186 1269 1218 1326 et
1233 1267 1369 1346 quaerat

251 1389 328 1433 num
360 1371 487 1454 glossae
520 1371 584 1434 sint
611 1376 834 1456 excerptorum
862 1373 931 1456 περὶ
953 1380 1085 1455 γνωμῶν
1109 1375 1142 1433 et
1163 1371 1234 1454 arpi
1256 1367 1368 1453 ἀρετῆς

246 1475 300 1539 καί
326 1477 448 1554 κακίας.
496 1476 559 1549 Qui
582 1477 662 1542 haec
686 1478 726 1542 de
750 1499 807 1542 sno
832 1500 897 1542 non
921 1478 1123 1556 adiecerunt3
1158 1477 1255 1540 etiam
1280 1475 1367 1559 apud

246 1581 399 1648 Photium
423 1584 581 1651 eiusmodi
604 1586 768 1650 versiones
792 1586 908 1650 totiens
924 1585 1114 1671 reperimus,
1139 1595 1173 1648 ut
1188 1605 1206 1647 e
1222 1583 1366 1648 Diodoro

247 1709 301 1754 ees
329 1690 535 1775 depromptas
559 1713 629 1756 esse
654 1692 793 1772 eluceat3
828 1693 869 1757 ci.
884 1692 937 1773 34,
967 1694 998 1774 2,
1024 1694 1063 1757 13
1087 1691 1120 1770 ἐξ
1144 1690 1187 1755 ὢν
1209 1691 1365 1755 ἐδείκνυτο

245 1806 307 1862 τῶν
336 1795 456 1862 δούλων
484 1801 553 1884 οὐχὶ
581 1797 704 1884 ὠμότης
731 1799 807 1866 εἶναι
835 1798 959 1885 φύσεως
985 1803 1025 1865 τὰ
1051 1800 1196 1884 γινόμενα
1223 1799 1266 1872 εἰς
1294 1801 1366 1874 τοὺς

246 1903 370 1986 ἄλλους,
394 1905 478 1970 ἀλλὰ
499 1913 562 1972 τῶν
581 1907 845 1993 προυπηργμένων
865 1909 909 1984 εἰς
927 1910 1040 1985 αὐτοὺς
1059 1905 1257 1991 ἀδικημάτων
1273 1905 1365 1969 ἀντα-

246 2011 370 2087 πόδοσις
387 2018 420 2076 et
434 2012 523 2098 legas
539 2014 781 2099 paragraphum
796 2015 850 2095 33,
875 2035 973 2099 quam
989 2013 1124 2078 Diodori
1141 2009 1364 2097 prohoemium

245 2118 346 2182 inisse
366 2119 504 2184 diximus
525 2127 557 2184 et
573 2128 655 2186 totas
672 2122 893 2207 paragraphos
909 2122 951 2185 35
969 2129 1001 2186 et
1016 2124 1077 2201 473
1103 2119 1250 2185 conferas
1267 2117 1364 2181 etiam

245 2225 318 2289 libri
342 2227 394 2291 33.
420 2233 517 2312 caput
539 2231 578 2308 83
607 2230 793 2315 ceteroquin
816 2230 875 2294 has
899 2229 1149 2294 declamationes
1172 2227 1206 2292 in
1230 2224 1366 2289 Diodori

244 2333 439 2398 bibliotheca
462 2336 666 2400 mirationem
689 2338 809 2420 legenti
832 2358 963 2402 movere
983 2357 1047 2401 non
1067 2355 1236 2419 negamus,
1260 2351 1365 2416 neque

246 2463 322 2506 vero
347 2445 587 2528 excerptoribus
611 2435 667 2508 sed
691 2445 834 2510 fontibus
857 2445 1048 2509 tribuendae
1072 2448 1157 2521 sunt,
1185 2439 1365 2524 dequibus

242 2550 396 2614 nunciam
419 2553 641 2636 quaestionem
665 2553 880 2618 instituamus.

333 2674 425 2738 Balce
453 2683 486 2740 et
515 2676 651 2743 Carolus
680 2679 817 2744 Mueller
829 2673 858 2761 ¹)
888 2677 1065 2744 doctissimi
1098 2674 1161 2738 viri
1183 2670 1363 2737 Diodorum

244 2778 398 2845 Posidoni
414 2783 564 2849 historias
583 2788 789 2872 exscripsisse
804 2789 910 2872 primi,
927 2786 988 2850 nisi
1003 2785 1108 2861 fallor,
1133 2782 1363 2865 cognoverunt,

247 2889 427 2952 accuratius
461 2912 530 2956 rem
563 2893 730 2957 absolvere
764 2901 796 2958 et
830 2897 1021 2978 argumenta
1055 2887 1221 2952 cumulare
1258 2902 1364 2965 neque
1415 2956 1417 2961 Ι

243 2994 304 3077 ipsi
329 2997 521 3062 studuerunt
553 3021 613 3063 neo
642 3004 697 3085 qui
730 3008 842 3084 postea
872 3002 1097 3065 auctoritatem
1125 3019 1235 3062 eorum
1261 2992 1363 3055 seculi

244 3107 331 3178 sunt3
351 3106 563 3169 recentissimi
579 3108 703 3172 Alberti
723 3109 849 3172 Wilmsi
864 3109 1132 3186 dissertationem,
1150 3125 1246 3189 quam
1264 3123 1361 3186 supra

243 3213 577 3294 commemoravimus,
612 3216 728 3280 citasse
751 3217 893 3280 contenti
917 3223 1001 3294 sunt,
1037 3235 1101 3299 qua
1123 3211 1269 3276 Muelleri
1292 3209 1361 3293 opi·

242 3315 384 3401 nionem,
408 3340 484 3383 nam
498 3342 527 3384 a
550 3321 654 3386 Bakio
671 3323 740 3388 fere
756 3345 852 3388 nemo
869 3325 996 3408 repetit,
1018 3323 1210 3386 confirmare
1226 3324 1360 3383 conatus

242 3429 305 3503 est3
321 3445 427 3509 neque
444 3429 615 3513 quisquam
630 3431 835 3516 vituperavit,
853 3432 939 3515 qnod
955 3453 1019 3495 uno
1033 3415 1167 3494 'demum
1179 3425 1360 3492 testimonio

333 3645 358 3712 1)
379 3645 482 3701 Bake:
496 3645 634 3702 Posidoni
647 3646 743 3702 Rhodi
755 3647 899 3716 reliquiae
908 3663 975 3704 oum
985 3648 1115 3706 adnotat
1134 3651 1360 3720 Wyttenbachr'i.

242 3736 377 3806 Lugduni
401 3735 578 3792 Batavomm
604 3739 681 3806 1810,
709 3752 775 3807 pag.
795 3740 830 3792 53
840 3754 883 3808 sq.
912 3737 1033 3794 Carolus
1050 3740 1212 3797 Mueller:
1244 3741 1358 3812 Fragm.

241 3826 341 3887 histor,
354 3825 453 3882 Graec.
465 3825 512 3892 ΙΙΙ,
533 3827 593 3882 857.
632 3826 881 3898 Toepelmann:
901 3828 944 3883 De
963 3827 1120 3886 Posidonio
1134 3830 1248 3887 Rhodio
1261 3849 1358 3890 rerum

241 3916 390 3985 scriptore.
429 3915 643 3972 Bounae1877.
682 3916 1064 3975 C.F1'anclinArnold:
1094 3910 1359 3992 Untersuchungcu

240 4003 312 4061 iiber
324 4005 518 4075 Theophanes
530 4007 592 4062 und
605 4005 801 4063 Poseidonias.
839 4007 886 4063 ΙΙ).
900 4007 974 4063 Phil.
994 4006 1081 4065 Paed.
1100 4009 1168 4067 voll.
1182 4011 1277 4082 suppl.
1290 4010 1354 4067 Xlll

242 4095 318 4162 1884,
339 4098 470 4151 75-150.
503 4096 602 4152 Holm
621 4096 640 4152 Ι.
660 4112 683 4151 c.
694 4097 742 4164 ΙΙΙ,
762 4098 814 4153 398
825 4112 868 4166 sq.
901 4097 933 4154 G.
953 4097 982 4154 F.
1002 4100 1131 4168 Unger:
1151 4101 1280 4171 Umfang
1297 4103 1358 4158 und

241 4185 422 4254 Auordnung
445 4186 498 4242 der
521 4185 695 4244 Gesohiohte
719 4187 770 4244 des
790 4188 988 4246 Poseidonias.
1019 4189 1190 4260 Philologus
1208 4194 1251 4259 55,
1282 4195 1359 4261 1886,

241 4276 274 4328 78
285 4290 326 4344 sq.
347 4277 399 4334 245
409 4292 452 4346 sq.
627 4281 629 4288 '
