3367 5184
572 1275 742 1351 capua
771 1252 1035 1349 annnann.

333 1559 495 1643 Deinceps
513 1566 549 1622 ut
563 1565 611 1621 est
627 1559 826 1642 propositum
844 1559 883 1621 de
897 1565 1077 1642 temporum
1090 1559 1215 1623 ratione
1226 1561 1361 1643 dicatur,

245 1689 340 1752 quam
377 1665 486 1730 multis
521 1660 833 1746 dissertationibus¹)
868 1665 1001 1728 definire
1036 1667 1143 1730 conati
1176 1668 1237 1730 viri
1266 1669 1362 1749 docti,

246 1782 323 1860 quot
347 1775 423 1838 anni
447 1795 466 1836 a
489 1771 686 1856 Carthagine
710 1773 816 1835 deleta
841 1773 882 1835 ad
910 1771 1004 1835 Fulvi
1033 1775 1233 1837 consulatum
1263 1777 1362 1839 inter—

245 1887 419 1962 cesserunt,
441 1889 487 1944 tot
503 1883 702 1944 coniecturas
720 1881 759 1943 de
775 1880 866 1944 initio
884 1881 958 1944 belli
977 1881 1152 1945 Siciliensis
1169 1890 1363 1946 ceterarum-

245 2011 307 2072 que
331 2011 414 2074 qnae
437 2010 502 2051 una
526 1989 714 2052 accidebant
737 1988 931 2050 seditionum
955 1989 1171 2072 protulerunt3
1200 2012 1297 2074 quam
1321 1993 1362 2054 oh

245 2117 312 2160 rem
329 2103 502 2180 antequam
520 2096 558 2158 de
575 2096 709 2178 singulis
726 2095 967 2179 quaestionibus
984 2117 1066 2178 quae
1081 2097 1175 2160 uobis
1191 2105 1363 2162 occurrunt

244 2204 424 2288 loquamur,
462 2225 566 2288 pauca
605 2205 636 2265 in
677 2203 862 2266 universum
903 2203 943 2266 de
981 2203 1136 2266 varietate
1175 2207 1362 2289 opinionum
1459 2274 1461 2276 ,

245 2313 400 2375 (licentur.
437 2311 521 2374 Nam
537 2311 665 2374 Eunum
688 2332 772 2374 anno
795 2333 822 2373 a.
833 2309 869 2373 O.
884 2314 941 2374 141
960 2332 1069 2374 servos
1091 2313 1131 2374 ad
1148 2312 1361 2376 defectionem

245 2420 437 2503 compulisse
458 2419 591 2483 Fischer
611 2425 643 2482 et
664 2417 798 2482 Carolus
815 2418 950 2481 Mueller
965 2427 997 2481 et
1013 2417 1140 2482 Olinton
1157 2426 1360 2503 putaverunt,

245 2549 324 2610 quos
349 2527 449 2590 secuti
473 2533 547 2589 sunt
574 2526 717 2589 Diridorf
741 2526 834 2588 Klein
864 2525 1034 2588 Neumanu
1064 2526 1205 2612 Mahaffy
1233 2527 1362 2606 Wilms;

246 2634 362 2697 Siefert
385 2635 425 2698 ‹le
448 2634 630 2718 insequenti
655 2655 738 2697 anno
763 2635 891 2716 cogitat,
917 2655 989 2697 eum
1011 2633 1108 2697 Peter
1130 2641 1162 2696 et
1184 2635 1283 2698 Holm
1308 2643 1364 2699 aut

248 2763 332 2805 anno
373 2742 432 2805 139
459 2749 513 2805 aut
551 2741 611 2805 138
641 2742 833 2804 seditionem
867 2746 969 2804 ortam
1005 2763 1074 2804 esse
1109 2742 1231 2821 dicant3
1278 2741 1364 2806 Leh-

245 2870 363 2911 manno
385 2870 490 2932 neque
511 2850 571 2912 hoc
592 2870 697 2932 neque
718 2849 796 2912 illud
815 2855 948 2928 certum,
973 2849 1090 2932 Zumpt
1106 2847 1154 2930 <et
1168 2849 1217 2912 La
1233 2849 1361 2929 Lamia)

244 2957 349 3040 ipsum
374 2957 493 3019 bellum
518 2979 545 3018 a.
568 2957 627 3019 135
653 2958 722 3039 geri
746 2963 894 3040 coeptum
919 2978 989 3019 esse
1013 2958 1210 3040 suspicatur,
1252 2958 1292 3020 de
1316 2959 1363 3021 iu-

246 3065 391 3147 sequenti
423 3065 548 3127 dubitat
575 3064 768 3136 Mommsen,
808 3086 881 3127 oum
910 3065 1050 3128 minores
1073 3072 1178 3128 motus
1202 3087 1261 3149 per
1283 3089 1362 3130 non·

247 3172 350 3234 nullos
374 3193 475 3234 annos
498 3173 636 3235 insulam
660 3172 866 3254 perturbasse
890 3178 1025 3255 uterque
1050 3173 1219 3252 concedat3
1252 3173 1363 3258 Unger

245 3280 336 3342 novis
361 3263 558 3362 argumentis
582 3280 671 3342 nisus
695 3299 815 3342 annum
843 3279 903 3341 131
923 3279 973 3342 vel
997 3280 1179 3362 proximum
1202 3282 1360 3364 proponit.

246 3386 325 3448 Item
351 3393 514 3469 praetores
539 3389 593 3472 qui
617 3389 649 3450 in
667 3385 776 3450 Sicilia
796 3388 951 3450 adversus
967 3388 1121 3471 fugitivos
1137 3396 1364 3472 pugnaverunt

244 3493 298 3556 alii
322 3494 392 3557 aliis
409 3495 502 3557 annis
517 3495 708 3575 tribuerunt,
731 3494 904 3579 Popilium,
930 3502 964 3558 ut
980 3495 1162 3579 exemplum
1179 3496 1361 3575 afferamus,

245 3623 330 3664 anno
352 3601 412 3665 139
439 3607 591 3686 praetura
612 3602 772 3666 Siciliensi
796 3602 1037 3666 functumesse
1060 3602 1227 3665 Lehmann
1246 3601 1364 3687 Zumpt

244 3708 339 3771 Klein
358 3709 453 3772 Holm
479 3710 625 3773 arbitrati
648 3715 735 3782 stitit,
768 3718 879 3772 eontra
903 3731 987 3772 anno
1011 3710 1080 3772 fere
1099 3710 1160 3774 135
1174 3709 1361 3789 Mommsen,

244 3834 457 3842 -—----——-

335 3906 360 3971 1)
380 3903 445 3960 Vid.
459 3903 550 3960 libros
563 3917 635 3972 quos
649 3917 737 3972 supra
747 3888 965 3958 nominavimus
975 3903 1082 3958 ethos:
1103 3903 1133 3958 E.
1144 3903 1186 3957 W.
1201 3903 1362 3960 Fischer:

246 3991 325 4048 Rom.
336 3992 499 4048 Zeittafeln.
528 3992 635 4046 Altona
648 3995 722 4046 1846.
743 3992 899 4048 Olinton:
913 3992 983 4047 fasti
994 3992 1145 4048 Hellenici.
1165 3992 1273 4048 exford
1287 3995 1362 4048 1851.

246 4079 275 4134 C.
295 4081 347 4135 Th.
367 4081 501 4151 Zumpt:
539 4082 659 4136 annales
697 4085 828 4137 veterum
860 4098 1018 4152 regnorum
1049 4084 1079 4138 et
1108 4083 1361 4153 populorum...

247 4170 365 4224 tertium
385 4171 457 4226 editi
475 4170 511 4226 ab
532 4173 564 4226 Α.
580 4171 619 4224 W.
641 4170 774 4241 Zumptio
796 4174 872 4226 1862.
911 4171 980 4227 Carl'
994 4171 1111 4228 Peter:
1137 4171 1291 4227 Zeittafeln
1311 4171 1363 4227 der

247 4257 410 4314 rtmischen
432 4259 606 4315 Geschichtc
626 4261 670 4315 ed.
685 4265 708 4316 6.
725 4263 801 4316 1882.
1030 4276 1033 4284 ·
