3367 5184
256 812 394 872 tractare
421 807 582 886 videmus,
622 805 802 870 Diodorum
831 829 870 870 ea
897 827 994 890 quam
1018 808 1161 891 alioquin
1184 828 1248 871 non
1273 809 1378 893 diligit

257 915 467 978 adornatione
499 921 663 978 auctorem
691 914 902 979 Posidonium
932 916 1052 979 imitari
1082 916 1290 979 manifestum
1317 923 1376 980 est.

289 1003 292 1009 ¹
346 1021 502 1085 Venimus
515 1043 599 1086 nunc
613 1023 653 1085 ad
667 1023 804 1087 alterum
818 1023 941 1107 Ungeri
954 1029 1191 1106 argumentum,
1204 1044 1377 1086 numerum

255 1131 345 1209 libri3
374 1130 429 1212 qui
458 1151 530 1192 cum
554 1136 686 1194 octavus
710 1135 804 1210 esset,
829 1137 861 1193 et
885 1130 1037 1194 historiae
1060 1151 1112 1193 res
1135 1130 1176 1193 ab
1200 1151 1285 1194 anno
1312 1133 1376 1195 144

146 1248 148 1252 ’
256 1243 363 1321 gestas
380 1238 621 1317 continuissent,
635 1238 755 1302 bellum
769 1238 885 1301 servile
902 1259 987 1301 anno
1004 1239 1064 1302 137
1083 1238 1240 1300 exarsisse
1257 1245 1376 1302 censet.

254 1343 303 1408 Ne
327 1345 387 1409 hoc
411 1346 542 1429 quidem
565 1354 651 1409 recte
676 1346 880 1410 doctissimus
905 1347 968 1426 vir3
992 1366 1066 1409 nam
1083 1351 1119 1408 ut
1134 1352 1377 1429 praetereamus

255 1472 326 1514 eam
366 1454 602 1536 quaestionem,
639 1454 678 1517 de
714 1475 778 1538 qua
814 1454 876 1517 alio
911 1454 982 1518 loco
1017 1475 1077 1516 nos
1109 1459 1248 1516 tractare
1281 1474 1377 1536 posse

255 1581 435 1644 speramus,
472 1562 557 1624 unde
585 1561 735 1625 historias
763 1560 957 1625 Posidonius
984 1582 1117 1624 narrare
1148 1581 1240 1624 orsus
1267 1559 1321 1638 sit,
1359 1582 1378 1622 e

253 1667 409 1730 librorum
435 1669 576 1731 numeris
600 1689 701 1731 armos
733 1669 925 1732 concludere
953 1668 1107 1731 audacius
1136 1667 1277 1744 ridetur,
1317 1687 1378 1729 nos

253 1774 286 1838 id
310 1796 374 1838 non
397 1775 627 1860 periclitamur,
652 1777 707 1840 sed
731 1779 817 1840 viam
834 1797 931 1860 quam
947 1775 1074 1859 ingredi
1090 1775 1195 1838 conati
1210 1793 1321 1837 sumus
1338 1794 1378 1837 ea
1447 1817 1448 1820 κ

167 1931 170 1937 .
253 1883 496 1968 interpretandi,
514 1905 596 1967 quae
613 1893 738 1948 veteres
750 1905 860 1947 rerum
872 1884 1043 1968 scriptores
1056 1884 1148 1946 nobis
1164 1882 1376 1962 tradiderunt,

254 1990 351 2054 etiam
368 2010 454 2054 nunc
469 1996 625 2056 tenemus.
674 1989 779 2062 Quid?
803 1991 859 2054 illa
874 1991 998 2074 Ungeri
1017 1991 1143 2054 ratione
1165 1991 1199 2052 in
1223 1988 1375 2053 Posidoni

253 2097 394 2160 historiis
418 2099 548 2162 omuino
572 2119 637 2163 non
654 2099 891 2164 numerandum
907 2108 964 2179 est,
989 2100 1142 2182 quoniam
1167 2098 1276 2161 omnia
1292 2117 1376 2180 quae

253 2226 327 2268 cum
350 2207 493 2268 numeris
517 2198 645 2270 serrata
668 2213 743 2270 sunt
765 2207 949 2290 fragmenta
972 2206 1108 2290 singulis
1131 2205 1222 2268 libris
1246 2205 1286 2268 de
1308 2203 1375 2266 sin-

254 2313 337 2396 gulis
361 2314 535 2396 provinciis
559 2312 768 2378 Posidonium
792 2317 896 2400 egisse
920 2316 997 2379 satis
1017 2314 1168 2400 probant,
1193 2312 1377 2376 testimonio

255 2420 335 2482 haec
362 2428 449 2484 suut:
490 2421 564 2486 Duo
589 2422 771 2506 fragmenta
796 2443 880 2506 quae
903 2445 920 2486 e
944 2424 1026 2487 libro
1051 2424 1155 2501 tertio,
1180 2421 1310 2485 totidem
1336 2439 1375 2482 ex

253 2525 411 2590 XXVIII.
437 2536 567 2593 exstant
593 2530 632 2593 de
657 2531 750 2615 Syria
778 2537 867 2610 sunt,
905 2531 945 2594 de
973 2529 1073 2594 Celtis
1101 2529 1249 2593 omnibus
1273 2528 1376 2591 trihus

254 2633 443 2717 fragmentis
489 2637 562 2701 libri
607 2636 732 2702 XXIII.
781 2640 971 2724 accipimus3
1028 2643 1180 2722 quattuor
1225 2643 1376 2719 excerpta

253 2741 325 2806 libri
350 2741 438 2806 XVI.
462 2747 584 2830 pariter
607 2746 718 2830 Syriae
741 2748 927 2831 provinciae
950 2767 1002 2810 res
1025 2745 1204 2823 continent3
1233 2763 1296 2827 quo
1318 2762 1376 2806 ne-

255 2851 320 2913 scio
354 2871 395 2913 an
428 2853 491 2914 duc
524 2852 705 2937 fragmenta
743 2855 891 2918 addenda
927 2855 991 2917 sint
1022 2875 1040 2916 e
1071 2853 1154 2917 libro
1186 2849 1374 2931 XXXIV.¹)

255 2955 348 3027 tluod
373 2979 448 3022 casu
472 2960 618 3023 accidere
642 2983 679 3024 eo
703 2963 810 3025 minus
832 2963 1012 3045 putandum
1037 2967 1095 3040 est,
1131 2959 1217 3043 quod
1241 2958 1376 3022 simulac

254 3085 272 3125 e
308 3065 467 3129 coutinuis
501 3067 591 3131 libris
627 3075 713 3132 certa
747 3070 930 3153 fragmenta
964 3074 1138 3133 servantur
1163 3067 1204 3130 ad
1231 3066 1376 3130 diversas

254 3172 437 3254 provincias
450 3181 606 3258 spectant3
624 3197 663 3239 en
675 3177 774 3241 habes
784 3179 968 3242 testimonia
979 3178 1134 3241 librorum
1148 3183 1180 3240 et
1191 3175 1374 3259 regionum:

254 3279 307 3343 lib.
326 3277 368 3342 Π.
386 3279 481 3346 Italia
514 3280 573 3347 III.
600 3284 692 3369 Syria
727 3284 782 3348 IV.
807 3285 975 3370 Aegyptus
1010 3286 1049 3348 V.
1073 3284 1223 3364 Parthia,
1258 3283 1376 3346 deinde

251 3387 307 3450 lib.
331 3387 401 3451 VII.
426 3390 593 3475 Aegyptus
609 3390 699 3454 VIII.
726 3392 835 3457 Sicilia
859 3393 917 3456 IX.
942 3393 1031 3473 Asia,
1064 3399 1132 3455 tum
1155 3392 1238 3454 libro
1265 3387 1373 3452 XXII.

255 3493 393 3559 Graecia
426 3497 551 3562 XXIII.
577 3497 698 3581 Gallia,
739 3507 903 3585 postremo
935 3502 1017 3565 libro
1046 3498 1184 3562 XXVII.
1209 3498 1375 3561 Delmatia

255 3601 411 3666 XXVIII.
430 3604 533 3690 Syria.

343 3801 467 3872 Quibus
496 3805 647 3888 expositis
676 3827 748 3869 cum
773 3807 812 3869 de
836 3807 936 3870 initiis
958 3807 1074 3890 prioris
1098 3806 1174 3869 belli
1199 3802 1376 3868 Siciliensis

253 3910 307 3972 vix
320 3911 490 3994 quicquam
504 3912 652 3976 videatur
666 3913 850 3978 addendum
866 3935 947 3995 esse,
964 3913 1160 3997 quaestionis
1173 3913 1213 3975 de
1224 3909 1375 3975 extremis

255 4021 347 4084 annis
383 4020 538 4084 tumultus
573 4022 704 4086 modum
740 4022 994 4085 terminabimus.
1058 4021 1142 4093 Quid
1178 4019 1213 4084 O.
1238 4021 1374 4085 Fulvius

254 4165 268 4169 ..
274 4165 339 4172 -η
358 4165 467 4172 .-—

346 4253 370 4319 1)
390 4253 432 4308 De
452 4254 616 4322 fragmento
635 4256 669 4310 36
689 4254 785 4310 lluell.
805 4256 863 4310 viri
881 4255 960 4310 docti
978 4255 1124 4312 dubitant.
