3367 5184
697 599 918 664 ..γεμ-

244 771 407 858 Spartacii
435 774 512 840 b'elli
542 777 701 861 principia
728 784 913 862 exponeret,
942 775 982 840 de
1004 775 1113 861 priore
1135 777 1191 840 illa
1214 775 1372 841 seditione

245 879 423 947 admonere
445 883 561 969 potuit,
594 901 691 969 quam
715 885 862 948 celeriter
885 883 1090 968 exstinguere
1113 883 1270 948 Romanis
1294 905 1371 948 con-

244 986 386 1072 tigisset3
424 990 534 1076 itaque
557 991 776 1075 reipublicae
799 991 973 1056 imminens
996 991 1176 1077 periculum
1199 991 1276 1055 olim
1299 990 1371 1055 leli·

243 1093 329 1158 -citer
350 1098 534 1162 submotum
559 1119 640 1179 esse,
664 1105 740 1163 tunc
765 1098 921 1184 Spartaco
945 1099 1027 1162 dnce
1050 1097 1227 1162 maximum
1250 1097 1371 1162 bellum

245 1202 417 1268 exstitisse.
442 1204 576 1270 Talibus
588 1205 798 1270 Plutarchum
816 1207 900 1270 sicut
915 1227 1023 1292 saepe,
1040 1207 1095 1271 ubi
1107 1204 1215 1269 Latini
1232 1204 1372 1270 auctoris

247 1307 348 1378 libros
372 1312 541 1397 exscripsit
563 1313 616 1378 vel
641 1311 765 1378 Graece
786 1314 891 1394 vertit,
916 1315 1001 1378 male
1024 1313 1196 1378 intellectis
1218 1314 1261 1388 id,
1286 1311 1373 1399 quod

246 1435 335 1482 nnnc
356 1417 505 1503 legimus,
533 1420 699 1506 scripsisse
716 1420 792 1485 licet
808 1420 975 1506 suspicari,
1004 1441 1200 1506 quamquam
1217 1421 1371 1506 suspicio⁶
1493 1433 1496 1439 '

247 1543 323 1587 nem
348 1530 403 1588 ant
426 1527 687 1611 probabilitatem
711 1529 874 1612 quandam
896 1548 956 1592 res·
972 1549 1037 1592 uon
1061 1528 1196 1592 excedit

339 1631 476 1717 Quoquo
501 1635 596 1698 modo
619 1656 671 1699 res
695 1656 729 1699 se
752 1635 860 1716 habet,
895 1635 1067 1699 tumultum
1091 1655 1176 1698 anno
1202 1635 1243 1699 73
1267 1640 1373 1700 ortum

248 1756 320 1800 esse
347 1738 432 1804 inter
459 1762 571 1806 omnes
602 1747 740 1821 constat3
776 1743 832 1806 sed
861 1743 994 1826 negavit
1027 1741 1251 1806 Schambach?
1285 1747 1373 1805 certe

248 1846 394 1928 negavit,
438 1847 493 1912 sed
529 1855 719 1933 argumenta
751 1849 913 1934 quaedam
940 1849 1088 1935 protulit,
1124 1869 1207 1933 quae
1237 1847 1374 1912 ridicula

246 1971 308 2014 ano
347 1953 417 2018 iure
457 1954 728 2021 Maurenbrecher
765 1957 846 2041 prol.
873 1959 916 2022 40
951 1979 982 2021 n.
1010 1958 1030 2018 3
1058 1957 1201 2036 vocavit3
1248 1947 1373 2019 errores

249 2056 466 2131 Schambachi
498 2063 559 2126 hoc
592 2063 662 2128 loco
695 2065 825 2129 omniuo
855 2085 918 2128 non
950 2063 1181 2144 refutaremus,
1216 2063 1278 2126 nisi
1301 2062 1374 2147 plus

249 2165 365 2231 merito
389 2167 648 2235 dissertationem
671 2172 741 2235 eius
764 2171 829 2256 legi
853 2178 885 2235 et
908 2171 1001 2235 citari
1023 2171 1218 2250 videremus,
1246 2168 1375 2234 tametsi

249 2275 455 2359 septuaginta
472 2277 564 2341 annis
581 2288 655 2342 ante
671 2278 711 2342 da
727 2278 841 2342 eadem
858 2301 893 2342 re
912 2279 1011 2342 multo
1024 2277 1206 2348 accuratius
1218 2276 1375 2341 Meissner

247 2379 378 2465 scripsit
416 2393 514 2469 quam
549 2384 761 2466 Schambach‚
801 2387 857 2470 qui
891 2391 991 2450 totam
1026 2384 1267 2469 chronologiam
1299 2383 1376 2448 belli

247 2486 466 2571 gladiatorum
502 2491 646 2557 funditus
681 2495 834 2558 evertisse
870 2493 931 2558 sibi
962 2492 1147 2571 videbatur3
1187 2513 1262 2558 nam
1301 2513 1375 2557 cum

251 2597 386 2664 Orosius
410 2599 456 2663 sic
479 2600 611 2664 habeat:
651 2601 765 2681 „Anno
783 2622 811 2666 a.
830 2623 861 2664 u.
880 2622 906 2664 c.
924 2598 1177 2664 DOLXXVIIII
1191 2599 1327 2664 Lucullo
1344 2604 1376 2664 et

250 2703 364 2770 Cassio
393 2727 473 2771 coss.
497 2707 692 2790 gladiatores
714 2707 857 2772 LXXIV
883 2705 996 2792 Oapua
1024 2728 1042 2770 e
1071 2706 1147 2771 ludo
1171 2705 1230 2770 On.
1248 2705 1375 2771 Lentuli

249 2812 482 2897 diffugerunt.
514 2859 521 2872 .
554 2814 583 2876 .“
637 2815 853 2880 Schcmbachi
880 2815 962 2878 ratio
991 2835 1030 2878 ea
1057 2822 1115 2896 est,
1144 2821 1180 2877 at
1207 2813 1374 2878 consulum

252 2921 384 2984 nomina
413 2927 609 3004 praetereat,
646 2922 805 3005 quomodo
835 2923 913 2986 anni
936 2921 1087 2985 Orosiaui
1111 2920 1278 3003 redigendi
1301 2921 1375 3001 sint,

251 3027 389 3112 ignoret,
406 3028 597 3113 olympiadis
613 3035 721 3092 sextae
738 3049 859 3098 annum
876 3029 1006 3093 tertium
1023 3049 1108 3092 anno
1125 3050 1154 3091 a.
1172 3026 1208 3092 0.
1225 3049 1256 3092 n.
1268 3025 1375 3112 cassu

252 3135 449 3222 respondere
472 3137 609 3214 nesciat3
649 3135 763 3200 codem
787 3137 897 3203 furore
920 3137 954 3200 in
977 3136 1169 3222 Eutropium
1194 3136 1311 3217 saevit,
1345 3142 1377 3199 et

251 3244 339 3328 quod
371 3243 488 3308 deinde
519 3243 640 3308 bellum
674 3244 707 3308 in
739 3253 890 3329 quartum
921 3265 1042 3308 annum
1073 3250 1200 3326 gestum
1224 3242 1375 3318 affirmat,

252 3357 379 3416 veteres
403 3373 510 3416 rerum
534 3353 705 3436 scriptores
734 3336 828 3417 aliter
855 3352 988 3417 tradunt
1010 3359 1042 3416 et
1066 3352 1181 3436 reliqui
1205 3358 1237 3414 et
1260 3349 1377 3414 llutro⁴

252 3459 325 3544 pius
353 3460 468 3542 „tertio
492 3480 578 3524 anno
602 3459 686 3524 bello
710 3460 785 3524 huic
810 3459 884 3524 finis
904 3460 1105 3545 impositus“.
1153 3457 1237 3530 Quid
1254 3457 1376 3521 multa?

253 3574 332 3653 quot
355 3574 548 3652 argumenta
571 3573 618 3631 tot
641 3589 766 3632 errores
789 3567 926 3652 indigni,
950 3569 1006 3652 qui
1029 3565 1227 3631 refellantur.

344 3673 505 3754 Ceterum,
542 3683 578 3739 ut
620 3675 717 3740 etiam
762 3696 802 3738 ex
840 3675 901 3739 hac
920 3708 923 3713 ·
943 3682 1034 3760 parte
1075 3674 1165 3760 prior
1196 3675 1304 3759 opinio
1337 3674 1377 3737 de

252 3785 347 3848 annis
363 3785 520 3848 tumultus
537 3783 773 3868 comprobetur,
798 3783 1054 3848 coniurationem
1071 3781 1275 3868 (lapuensem
1292 3798 1377 3846 anna

256 3889 297 3953 73
321 3890 441 3955 factam
469 3913 539 3955 esse
569 3912 632 3955 non
660 3892 764 3954 solum
788 3890 963 3974 Eutropius
987 3899 1019 3954 et
1042 3890 1176 3954 Orosius
1200 3890 1254 3953 sed
1279 3890 1378 3954 ctiam

254 3998 426 4083 periochae
458 3998 623 4062 annalium
656 3999 728 4062 Livi
766 3999 899 4077 docent3
939 4020 957 4062 e
990 3998 1107 4082 quibus
1138 3997 1219 4061 libro
1253 3999 1295 4061 90
1326 4019 1378 4062 res

255 4105 333 4169 anni
356 4107 409 4185 78,
435 4110 473 4170 al
501 4128 552 4169 res
576 4108 652 4170 anui
679 4109 717 4171 77
745 4107 873 4172 Livium
897 4112 1051 4170 tractasse
1080 4112 1185 4190 potest
1213 4105 1378 4189 cognosci3

254 4211 338 4278 liber
361 4214 415 4297 qui
440 4215 585 4296 seqnitur
609 4215 650 4278 92
668 4234 706 4278 ea
723 4235 806 4299 quae
822 4214 969 4299 proximo
986 4235 1071 4277 anno
1088 4220 1119 4276 et
1135 4213 1225 4277 initio
1242 4213 1318 4278 anni
1336 4214 1377 4276 75
