3367 5184
750 660 881 724 „45
930 698 974 704 .-

300 837 335 900 ΙΙ
358 838 432 912 libri
456 838 475 901 3
500 835 610 917 §1222
638 839 691 920 qui
716 844 779 901 tres
804 844 969 922 praetores
993 841 1147 924 gravibus
1163 841 1255 905 bellis
1271 814 1423 904 confectis

302 945 432 1011 Siciliae
455 966 506 1007 res
522 946 745 1008 restituissent.
795 945 857 1008 Sed
875 947 973 1009 etiam
988 947 1217 1031 imperatorem
1234 969 1307 1011 eum
1323 948 1423 1012 fuisse

300 1053 341 1115 de
374 1074 418 1116 or.
444 1053 474 1132 2,
502 1053 563 1114 195
599 1057 747 1116 testatur:
799 1054 985 1132 „consulem
1033 1054 1147 1135 fuisse,
1195 1056 1422 1139 imperatorem

190 1162 193 1168 '
300 1165 450 1222 ornatum
485 1181 503 1222 a
542 1167 671 1238 senatu,
707 1147 861 1224 ovantem
900 1162 933 1225 iu
974 1161 1167 1246 Capitolium
1207 1161 1419 1226 ascendisse.“

300 1265 416 1330 Nescio
433 1289 475 1330 an
491 1274 622 1352 propter
643 1269 765 1352 Aquilli
782 1269 953 1353 imperium
970 1268 1134 1333 Diodorus
1150 1271 1272 1333 maiore
1288 1271 1422 1334 victoria

301 1381 464 1457 reportata
498 1376 616 1439 milites
649 1376 814 1440 Romanos
847 1377 963 1440 ducem
999 1377 1227 1461 imperatorem
1260 1378 1422 1462 appellare

299 1480 410 1545 solitos
434 1503 503 1545 esse
527 1484 724 1566 narraverit„
740 1484 833 1567 quod·
850 1484 890 1546 ad
914 1485 972 1548 hos
995 1485 1082 1568 ipsos
1106 1505 1218 1565 anuos,
1243 1485 1283 1547 de
1306 1486 1422 1568 quibus

301 1590 445 1672 quaestio
479 1595 588 1652 nostra
617 1596 678 1668 est,
720 1589 854 1652 Photius
882 1611 913 1674 p.
936 1591 1000 1654 538
1028 1619 1064 1640 =
1092 1593 1144 1671 36,
1170 1593 1209 1653 14
1237 1590 1335 1653 Dind.
1366 1613 1420 1654 cx·
1492 1602 1494 1606 ‘

300 1696 441 1780 scripsit3
481 1717 557 1759 nam
581 1718 654 1760 cum
678 1703 807 1780 praeter
829 1696 1007 1781 Aquillium
1034 1703 1065 1760 et
1089 1698 1209 1762 Marius
1233 1704 1265 1762 et
1288 1696 1422 1761 Catulus

299 1805 509 1886 imperatores
527 1810 601 1866 tunc
619 1804 746 1868 salutati
763 1805 842 1884 sint„
854 1827 912 1868 nos
925 1826 1020 1888 quem
1030 1805 1194 1868 Diodorus
1211 1805 1256 1868 sic
1272 1812 1420 1868 ornatum

299 1932 369 1973 esse
397 1909 452 1974 illo
482 1911 553 1972 loco
582 1911 749 1992 tradiderit
779 1933 840 1974 non
871 1912 948 1974 satis
977 1933 1171 1995 cognoscere
1199 1912 1420 1996 possumus¹);

225 2102 227 2107 Ι
299 2023 442 2082 ceterum
465 2018 544 2082 haec
567 2021 681 2083 verba:
707 2019 905 2105 ἰμπεράτωρα
929 2021 1022 2083 αὐτὸν
1045 2019 1243 2105 ἀναγορεύειν
1265 2024 1320 2084 καί
1343 2023 1419 2085 ἀπο·

298 2127 415 2208 καλεῖν,
440 2129 457 2190 ὅ
480 2127 544 2190 ἐστι
568 2126 697 2210 βασιλέα
717 2127 772 2211 qui
789 2129 988 2212 principatus
1004 2132 1060 2189 aut
1076 2128 1203 2210 imperii
1220 2128 1420 2211 temporibus

298 2233 378 2296 vixit
402 2239 512 2298 auctor
536 2235 676 2298 scribere
700 2235 813 2318 potuit,
839 2235 1050 2318 reipublicae
1067 2234 1234 2297 Romanae
1252 2257 1314 2298 non
1332 2237 1419 2298 item,

388 2341 467 2404 Tres
506 2343 577 2405 illas
618 2343 838 2425 quaestiones,
879 2363 958 2426 quas
998 2341 1038 2405 de
1076 2349 1257 2427 temporum
1296 2343 1420 2411 ratione

300 2450 431 2512 secundi
460 2450 535 2512 belli
557 2451 689 2536 *servilis
713 2452 948 2534 proposuimus
975 2451 1135 2514 adfinem
1160 2450 1321 2534 quendam
1346 2472 1419 2534 per-

297 2555 462 2636 duximus3
487 2557 527 2619 ad
544 2557 751 2620 Posidonium
778 2579 863 2621 nunc
887 2559 998 2621 venire
1019 2556 1220 2637 deberemus,
1246 2559 1305 2621 nisi
1328 2559 1420 2621 aliter

298 2669 395 2746 atque
418 2663 450 2726 in
475 2667 582 2748 priore
607 2665 746 2728 tumultu
770 2687 820 2728 res
845 2688 879 2728 se
902 2667 1051 2744 haberet;
1076 2687 1150 2728 nam
1175 2666 1220 2728 ibi
1238 2666 1419 2730 Diodorum
1465 2702 1468 2707 ,

297 2777 366 2833 arte
390 2771 542 2835 Posidoni
566 2773 702 2855 vestigia
726 2773 895 2856 pressisse,
930 2771 1057 2835 Livium
1081 2794 1154 2835 cum
1177 2778 1306 2857 praeter
1328 2775 1417 2837 illum

298 2879 378 2941 alios
391 2875 495 2942 fontes
510 2881 705 2964 compilaret,
725 2881 876 2944 continua
894 2870 1076 2943 narratione
1092 2882 1271 2966 interrupta
1287 2881 1419 2945 annales

278 2989 281 2995 ’
299 2991 407 3068 partes
423 2987 536 3050 fecisse
553 2989 760 3051 manifestum
778 2995 840 3067 est3
865 2989 920 3051 sed
937 2995 1045 3051 utrum
1059 2991 1275 3052 narrationem
1288 2988 1419 3052 alterius

298 3129 510 3138 Q—-a

388 3221 413 3285 1)
435 3219 636 3273 Clarissimum
656 3219 752 3274 virum
771 3219 895 3274 llarium
915 3220 1087 3286 diceremus
1106 3221 1165 3274 nisi
1184 3235 1259 3290 quae
1278 3223 1364 3275 avntea
1382 3219 1417 3274 de

263 3329 265 3333 ⁴
298 3308 416 3364 Battace
443 3308 564 3376 Magnae
591 3309 690 3362 llatris
718 3309 868 3364 sacerdote
896 3310 1041 3366 Diodorus
1061 3310 1150 3365 verba
1169 3310 1240 3364 fecit
1259 3310 1367 3378 optime
1387 3309 1416 3362 in

297 3397 448 3452 Plutarchi
474 3398 553 3452 vitae
587 3396 658 3452 llari
695 3405 782 3468 caput
804 3403 834 3454 17
856 3400 1047 3468 quadrarent,
1079 3400 1131 3454 sed
1158 3398 1332 3468 paulo-post
1352 3413 1417 3452 cum

297 3487 493 3544 Teutonorum
509 3489 537 3542 et
552 3487 732 3543 Cimbrorum
747 3490 858 3544 exitum
873 3492 1012 3551 narraret,
1032 3490 1237 3556 imperatorem
1252 3488 1279 3541 C.
1295 3485 1415 3542 llarinm

272 3567 476 3646 ¹appellatum
506 3593 568 3633 esse
596 3578 676 3633 idem
704 3578 879 3633 Plutarchus
911 3594 947 3633 ne
980 3579 1068 3633 verbo
1100 3577 1218 3647 quidem
1250 3577 1416 3644 attingeret.

296 3667 397 3737 ltaque
417 3668 578 3737 Aquillium
593 3667 793 3734 subaudimus
814 3683 991 3737 quamquam
1005 3666 1075 3721 belli
1089 3665 1205 3720 servilis
1218 3666 1416 3721 narrationem

298 3757 442 3812 Diodorus
462 3762 548 3812 autea
568 3757 605 3812 ad
623 3759 713 3812 tinem
732 3757 905 3826 perduxisse
925 3757 1056 3823 videtur;
1076 3757 1112 3811 cf.
1133 3756 1222 3811 verba
1235 3755 1321 3810 Plioti
1341 3770 1416 3824 quac

296 3847 382 3902 modo
411 3849 715 3902 commemoravimus:
753 3850 767 3898 ὁ
796 3850 841 3912 μὲν
870 3844 914 3898 οὖν
943 3851 1014 3898 κατὰ
1042 3848 1176 3898 Σικελίαν·
1193 3863 1219 3900 κ,
1233 3863 1255 3896 τ.
1269 3846 1293 3899 λ.
1318 3874 1348 3882 —
1375 3843 1416 3898 De

297 3935 423 4002 Battace,
444 3952 529 4005 quem
550 3953 626 3992 anno
648 3941 697 3992 102
717 3937 825 3991 Romae
845 3937 937 3991 tuisse
956 3937 1013 3991 riri
1032 3937 1110 3991 docti
1136 3938 1253 4005 putant,
1283 3935 1424 3990 conteras.

296 4024 315 4078 l.
334 4024 363 4079 P.
386 4025 564 4081 Garofalo:
602 4027 614 4080 l
638 4027 707 4081 fasti
731 4026 778 4081 dei
802 4027 914 4081 tribuni
943 4025 1019 4080 della
1043 4025 1129 4095 plebe
1148 4025 1226 4079 della
1245 4025 1417 4093 repubblica

295 4115 432 4182 Romana,
471 4116 591 4170 Catonia
612 4119 689 4178 1889,
709 4133 734 4184 p.
756 4119 802 4182 83;
831 4115 1103 4170 Joh.Niccolini:
1132 4114 1213 4169 Fasti
1232 4114 1415 4169 tribunorum

295 4206 389 4274 plebis
414 4206 450 4259 ab
474 4219 550 4261 anno
574 4208 734 4261 260=494
758 4221 850 4274 usqne
870 4205 908 4259 ad
927 4219 1036 4260 annum
1056 4207 1205 4259 731=aa
1244 4203 1318 4257 Pisis
1342 4207 1416 4270 1898,
1485 4223 1487 4228 ·

294 4311 323 4364 p.
338 4299 404 4362 3503
425 4295 595 4350 Mommsen:
616 4296 713 4350 licem.
730 4295 831 4350 Gcsclr.
846 4295 871 4348 ll
885 4297 938 4348 422
954 4295 991 4349 lll
1004 4295 1068 4358 5723
1099 4294 1133 4349 cf.
1148 4309 1214 4362 pag.
1231 4296 1262 4348 10
1281 4297 1380 4347 notam
1399 4296 1416 4345 9
