3367 5184
695 641 916 706 ..63-

238 859 354 924 pugna
387 838 443 902 illa
479 837 678 902 atrocissima
711 837 829 918 refert,
874 859 940 921 qna
975 835 1088 904 Gallos
1122 837 1369 924 Germanosque

239 945 393 1030 Spartaci
432 945 553 1009 auxilie
591 945 733 1010 Licinius
773 944 910 1009 Crassus
944 953 1075 1030 praetor
1108 947 1242 1025 devicit3
1289 969 1368 1031 quas

237 1053 387 1118 diversas
411 1073 539 1137 pugnae
563 1053 779 1137 expositiones
803 1075 876 1118 cum
902 1054 1048 1118 nonnulli
1066 1055 1129 1118 viri
1151 1055 1237 1119 docti
1261 1055 1368 1139 aliquo

242 1160 338 1225 modo
370 1160 654 1228 communicandas
686 1181 811 1225 necnon
848 1162 1077 1244 exaequandae
1109 1183 1179 1225 esse
1207 1167 1367 1247 putarent,

237 1266 1368 1354 etaliietMaurenbrechernullarationeiungiposseintellexerunt3
1424 1259 1426 1263 ¹

240 1375 276 1439 in
305 1396 442 1459 quorum
468 1376 661 1439 sententiam
686 1397 743 1440 nos
766 1376 904 1460 pedibus
926 1375 1025 1456 imus,
1065 1376 1120 1442 sed
1145 1377 1186 1440 de
1209 1377 1367 1459 lontibus,

237 1482 320 1566 quia
344 1483 437 1547 aliter
461 1489 557 1567 atque
582 1484 733 1568 egregius
749 1483 798 1546 vir
820 1483 1012 1562 iudicamus,
1037 1505 1142 1568 pauca
1157 1484 1368 1564 disseramus3

237 1589 345 1653 altero
369 1590 455 1654 enim
479 1591 550 1654 loco
567 1593 597 1669 2,
616 1594 647 1672 5,
664 1591 706 1655 34
723 1591 792 1676 ipso
809 1597 1038 1675 strategemate
1053 1591 1273 1658 demonstrato
1288 1592 1369 1656 haec

242 1698 343 1761 verba
367 1698 493 1761 adiecta
515 1698 667 1782 legimus:
695 1698 843 1779 „XXXV
858 1699 949 1762 milia
972 1710 1170 1762 armatorum
1192 1721 1230 1763 eo
1245 1698 1368 1784 proelio

237 1804 413 1869 interfecta
437 1826 511 1869 cum
535 1805 613 1889 ipsis
636 1806 773 1869 ducibus
797 1805 909 1869 Livius
933 1806 1040 1886 tradit,
1064 1812 1211 1891 receptas
1226 1807 1369 1891 quinque

243 1908 410 1975 Romanae
436 1911 575 1997 aquilae,
607 1913 700 1997 signa
724 1933 780 1976 sex
804 1918 836 1977 et
859 1913 989 1996 viginti,
1019 1913 1122 1976 multa
1146 1914 1261 1997 spolie,
1285 1914 1370 1978 inter

237 2038 326 2101 quae
350 2019 492 2103 quinque
518 2019 623 2084 fasces
648 2041 720 2112 oum
738 2019 942 2099 securibus“;
967 2040 1051 2103 qnae
1066 2020 1094 2082 si
1109 2021 1178 2104 ipse
1194 2020 1369 2085 Frontinus

155 2196 157 2200 ,
237 2124 381 2206 addidit,
421 2148 460 2190 ea
487 2149 570 2213 qnae
603 2128 799 2193 antecedunt
828 2149 893 2190 non
924 2126 1058 2191 eLivio
1094 2129 1150 2191 sed
1175 2149 1216 2192 ex
1238 2128 1370 2193 alterius

236 2233 411 2298 cuiusdam
428 2237 567 2300 auctoris
583 2236 674 2300 libris
690 2235 828 2300 deducta
849 2241 932 2315 sunt,
958 2234 1074 2318 quibus
1091 2235 1199 2299 nullus
1214 2256 1369 2300 numerus

240 2361 410 2406 caesorum
435 2343 676 2424 continebatur3
701 2343 750 2407 sin
775 2351 885 2407 autem
908 2342 1163 2406 additamentum
1188 2364 1253 2407 non
1268 2341 1371 2406 Fron-

241 2446 301 2511 tini
318 2454 367 2512 est
382 2449 438 2512 sed
455 2450 644 2514 recentioris
661 2450 769 2514 nescio
786 2451 877 2515 cuins
893 2471 1000 2514 rerum
1017 2451 1192 2534 scriptoris,
1216 2470 1370 2513 numerus

238 2555 335 2620 fonte
359 2557 518 2621 contineri
541 2558 654 2642 potuit,
692 2558 749 2622 sed
772 2557 959 2638 Frontinus,
988 2558 1080 2621 onius
1102 2557 1204 2641 pluris
1227 2555 1371 2621 interfuit

237 2669 438 2748 stratagema
463 2686 631 2746 enarrare,
667 2665 757 2731 illurn
782 2665 904 2746 omisit,
939 2687 1037 2750 quem
1059 2671 1172 2750 postea
1194 2664 1294 2729 libelli
1318 2685 1369 2728 re-

239 2769 356 2834 dacter
383 2775 581 2856 comparatis
605 2774 775 2838 annalibus
805 2772 880 2836 Livi
910 2772 1036 2836 adiecit.
1082 2770 1196 2855 Neque
1224 2771 1370 2855 plerique

241 2876 306 2939 viri
329 2877 414 2941 docti
437 2885 525 2943 certa
542 2879 763 2944 additamenta
778 2880 937 2943 redactori
953 2878 1081 2944 cuidam
1099 2879 1240 2942 tribuere
1255 2899 1371 2942 veren-

240 2981 328 3060 tur1)
352 3005 458 3068 neque
481 2985 755 3050 Maurenbreoher
778 2991 893 3050 contra
913 2985 1006 3065 facit3
1031 3006 1106 3049 nam
1123 2984 1284 3068 quomodo
1299 2984 1370 3048 fieri

240 3090 384 3174 potuisse
413 3091 533 3173 credis,
565 3098 601 3155 ut
628 3091 804 3158 Frontinus
836 3091 877 3154 de
905 3089 1142 3156 Camalatrensi
1171 3091 1292 3175 proelio
1321 3090 1369 3156 bis

240 3197 343 3260 uerba
367 3197 492 3262 faciens
518 3199 617 3262 semel
642 3221 659 3263 e
682 3199 776 3263 Livio
801 3198 956 3279 hauserit,
979 3199 1098 3262 iterum
1121 3199 1306 3264 narratione
1329 3219 1370 3262 ex

241 3303 344 3368 altero
361 3325 472 3370 rerum
489 3305 645 3389 scriptore
662 3312 810 3371 mutuata
825 3327 978 3370 numeros
994 3305 1148 3370 Livianos
1164 3303 1369 3370 aeliunxeritl

240 3409 290 3474 Re
317 3431 396 3476 vere
430 3418 629 3496 stratagema
662 3434 681 3476 a
714 3413 893 3476 recentiore
926 3419 1058 3478 auctore
1085 3413 1269 3498 suppletum
1299 3433 1369 3476 esse

236 3517 497 3585 Gundermanno
515 3521 737 3605 unusquisque
755 3521 927 3600 concedet3
950 3521 1067 3605 quodsi
1081 3521 1128 3584 ita
1142 3541 1194 3585 res
1210 3541 1245 3583 se
1261 3519 1369 3602 habet,

241 3625 382 3692 dubitari
410 3628 537 3711 nequit,
577 3628 654 3712 quin
685 3627 835 3700 redactor
862 3649 935 3691 eam
962 3627 1183 3692 narrationem
1206 3626 1368 3708 Frontini,

235 3753 339 3816 quam
363 3754 438 3797 cum
462 3734 554 3798 Livio
580 3736 681 3800 artius
699 3735 873 3800 convenire
888 3734 979 3816 vidit,
1004 3735 1131 3799 eLivio
1148 3734 1368 3819 compleverit,

241 3859 305 3903 noo
331 3861 414 3924 quae
437 3842 478 3905 ab
502 3842 557 3905 illo
580 3841 708 3926 longius
733 3842 915 3922 abhorruit3
944 3863 1009 3926 qua
1033 3843 1073 3905 de
1098 3863 1197 3906 causa
1219 3842 1370 3906 Mauren-

240 3945 376 4011 brecher
404 3947 490 4011 haud
521 3954 615 4012 acute
649 3949 891 4034 paragraphum
914 3946 953 4028 '2,
976 3952 1008 4028 4,
1031 3951 1049 4012 ‘l
1074 3970 1092 4013 e
1115 3949 1208 4013 Livio
1239 3949 1370 4014 fluxisse

236 4053 425 4118 affirmavit.
476 4051 580 4119 Immo
608 4062 780 4141 postquam
811 4057 949 4120 alterum
976 4057 1069 4120 illum
1096 4055 1205 4120 locum
1230 4059 1261 4137 2,
1279 4058 1309 4137 5,
1326 4054 1370 4120 34

333 4285 358 4350 1)
379 4282 411 4338 G.
431 4283 703 4342 Gundermann:
723 4285 815 4356 praes,
828 4287 858 4341 in
879 4285 948 4342 edit
962 4285 1061 4343 Front.
1074 4288 1196 4356 strateg.
1209 4287 1225 4355 ς
1239 4290 1264 4344 9.
