3367 5184
760 657 982 719 ..64-

311 855 386 899 eum
399 833 491 898 Livio
509 833 690 899 consentire
707 834 861 918 suspicati
877 854 997 913 sumus,
1015 833 1099 896 huno
1115 829 1441 896 fortasae'Sallustia·

312 964 389 1006 uum
413 965 483 1006 esse
506 944 650 1007 iudicare
675 943 773 1021 licet3·
789 941 930 1027 primum
947 939 1034 1004 enim
1050 962 1131 1025 quas
1146 939 1323 1003 Frontinus
1338 939 1439 1001 habet
1515 1022 1519 1025 .

312 1049 482 1113 duodecim
506 1050 652 1114 cohortes
677 1049 810 1112 eaedem
835 1054 911 1112 sunt
933 1055 1030 1133 atque
1045 1047 1212 1110 Plutarchi
1235 1044 1441 1132 ἑξακισχίλιοι

312 1157 420 1240 ἄνδρες
456 1157 568 1242 capitis
592 1155 770 1235 undecimi,
816 1161 884 1219 tum
916 1177 955 1218 ea
986 1161 1188 1238 argumenta,
1222 1155 1437 1238 quibuscum

252 1250 254 1255 ¹
311 1263 486 1326 Plutarcho
529 1265 589 1326 hoc
629 1269 825 1348 stratagema
865 1263 1024 1347 componi.
1052 1283 1116 1325 non
1156 1281 1251 1347 posse
1288 1260 1439 1324 nonnulli

311 1371 470 1452 dixerunt,
495 1392 609 1455 parum
634 1370 757 1449 valeut3
796 1370 928 1450 deinde,
951 1376 988 1432 ut
1011 1369 1074 1432 alia
1098 1374 1252 1453 exparte
1276 1367 1437 1431 sententia

311 1483 422 1540 nostra
451 1478 671 1556 confirmetur,
713 1477 860 1540 conferas
890 1475 1039 1540 Frontini
1066 1483 1262 1560 stratagema
1291 1477 1322 1555 2,
1343 1474 1374 1552 h,
1393 1473 1432 1536 31

312 1605 385 1647 eum
409 1583 574 1647 Plutarchi
598 1585 684 1646 vitae
709 1584 830 1648 Sertori
854 1583 959 1669 capite
986 1584 1036 1663 18,
1065 1585 1186 1647 scilicet
1214 1583 1295 1646 duas
1323 1601 1440 1644 narra-

311 1689 472 1754 tiunculas
508 1713 548 1754 ex
580 1691 694 1756 eadem
726 1689 886 1754 Lauronis
920 1692 1028 1776 oppidi
1062 1691 1228 1754 obsidione
1261 1688 1438 1763 exhibitas,

311 1801 403 1880 quae¹
419 1819 615 1881 quamquam
644 1819 661 1860 e
686 1797 838 1862 Sallustio
863 1799 978 1861 ambae
1006 1799 1169 1862 fluxerunt
1192 1804 1300 1861 tamen
1323 1795 1441 1880 paucis-

312 1913 492 1989 aequantur
516 1904 560 1968 sic
584 1905 680 1968 rebus
705 1906 873 1984 enarratis,
898 1913 994 1989 prout
1013 1905 1117 1990 ipsam
1133 1903 1334 1968 obsidionem
1353 1909 1442 1964 trac·

311 2017 380 2076 tare
405 2019 460 2075 aut
484 2013 524 2074 de
548 2011 670 2076 Sertori
685 2012 810 2075 insidiis
827 2018 939 2076 auctor
955 2013 1076 2076 referre
1091 2013 1212 2091 voluit,
1234 2032 1297 2094 quo
1314 2009 1437 2073 factum

311 2126 368 2198 est,
393 2127 430 2183 ut
452 2119 599 2182 Froutiui
623 2119 772 2184 redactor
796 2141 813 2182 e
836 2119 940 2199 Livio,
965 2120 1021 2204 qui
1044 2141 1117 2183 cum
1139 2118 1289 2182 Sallustio
1313 2115 1442 2179 medio*

311 2225 408 2289 criter
436 2226 595 2304 dissentit,
632 2227 799 2308 adiecerit,
835 2233 914 2312 quot
943 2228 1033 2290 milia
1060 2227 1199 2289 militum
1227 2227 1261 2288 in
1294 2222 1436 2286 exercitu

311 2331 370 2396 On.
388 2331 524 2417 Pompei
548 2335 667 2398 amissa
691 2333 837 2415 essentss)

368 2473 370 2477 '
401 2457 569 2528 Quomodo
599 2459 773 2544 Spartacus
803 2465 909 2523 castra
938 2458 1055 2522 Claudi
1079 2457 1192 2522 Glabri
1223 2457 1308 2541 apud
1331 2455 1441 2518 vesu*

311 2551 400 2627 vium
423 2572 565 2628 montem
582 2567 752 2650 repentino
772 2568 895 2650 impetu
913 2567 998 2630 facto
1015 2567 1236 2651 oppressisset,
1260 2563 1442 2627 Frontinus

314 2674 342 2752 1,
362 2673 391 2752 5,
410 2674 461 2751 21,
478 2679 514 2736 ut
529 2673 801 2738 Maurenbrecher
818 2659 929 2755 credit,
947 2695 964 2737 e
982 2674 1146 2751 Sallustio,
1168 2673 1293 2735 eLivio
1310 2677 1441 2735 tantum

311 2793 481 2842 numerum
507 2801 673 2844 servorum
697 2781 848 2866 sumpsit,
873 2783 950 2866 quin
974 2781 1104 2845 Livium
1120 2781 1217 2844 totius
1236 2779 1298 2842 loci
1314 2778 1437 2842 fontem

312 2907 382 2949 esse
405 2887 576 2971 putamus?
601 2889 693 2972 vquod
719 2889 894 2974 simplicius
917 2889 1054 2969 videtur,
1089 2910 1186 2972 quam
1214 2887 1240 2949 si
1270 2886 1351 2948 duos
1379 2869 1437 2948 au·

312 2999 414 3055 ctores
431 2993 471 3056 de
488 3015 552 3058 una
568 2995 731 3060 levissima
747 3018 782 3060 re
798 2996 992 3060 Frontinum
1009 2997 1199 3081 compilasse
1223 2995 1441 3078 suspicamur,

313 3118 385 3160 cum
414 3087 604 3183 praesertim
629 3097 721 3186 quasi
742 3109 832 3166 curta
853 3103 1012 3166 sententia
1030 3104 1184 3188 pleraque
1208 3094 1439 3184 strategemata

313 3203 388 3267 belli
412 3205 621 3288 fugitivorum
647 3231 664 3271 e
689 3209 840 3274 Sallustio
864 3194 994 3273 fluxisse
1011 3210 1284 3274 Maurenbrecher
1307 3209 1442 3271 demon-

315 3318 417 3374 strare
446 3313 600 3378 intendat.
628 3351 668 3360 —-
694 3315 745 3379 De
774 3318 987 3402 paragraphis
1012 3320 1044 3398 1,
1065 3321 1095 3397 5,
1121 3319 1162 3380 22
1187 3323 1220 3380 et
1246 3321 1273 3394 1,
1300 3317 1330 3394 7,
1355 3315 1374 3376 6
1398 3313 1442 3374 iis

313 3438 396 3502 quae
416 3419 691 3487 'Maurenbrecher
715 3425 734 3487 l.
754 3446 779 3487 c.
798 3446 871 3508 pag.
886 3427 928 3488 45
941 3446 987 3509 sq.
1005 3425 1238 3488 demonstravit
1261 3423 1315 3486 vix
1348 3420 1442 3504 quic--

312 3547 410 3608 quam
443 3529 627 3593 addendum
666 3530 753 3612 est.2)
787 3569 828 3576 -
861 3531 1109 3617 Peragraphum
1137 3531 1165 3609 1,
1182 3534 1213 3611 5,
1230 3525 1441 3594 20e'Livio

313 3633 535 3720 depromptam
563 3659 633 3702 esse
656 3639 743 3701 idem
766 3639 862 3719 vidit3
886 3641 1085 3724 argumentis
1109 3640 1178 3702 eius
1201 3637 1266 3700 hoc
1281 3634 1442 3698 adicimus

366 3969 368 3974 .
406 3927 431 3991 1)
452 3924 519 3980 Sall.
534 3923 603 3978 hist.
617 3926 641 3992 2,
655 3925 698 3992 29,
730 3921 1104 3997 Maurenbrecherproleg.
1118 3925 1160 3990 38,
1190 3918 1440 3978 Bieirkowski:

310 4014 504 4090 delentibus
525 4017 554 4068 et
573 4013 747 4068 auctoritate
767 4013 950 4092 scriptorum
966 4011 1109 4066 historiae
1129 4011 1321 4081 Sertorianae,
1347 4010 1439 4077 Acad.

312 4106 430 4162 cracov.
447 4102 519 4171 Vlll,
541 4107 617 4172 1890,
631 4117 658 4172 p.
673 4105 715 4170 20,
729 4105 771 4156 21.
798 4101 850 4156 Ed.
863 4101 1064 4156 Woelfflin:
1085 4100 1221 4156 Frontina
1235 4099 1440 4170 Kriegslisten.

268 4231 271 4237 -
313 4195 433 4250 Hermes
452 4193 500 4260 IX,
521 4195 598 4260 1875,
617 4207 683 4262 pag.
697 4194 810 4246 12-92.

402 4284 430 4349 2)
449 4280 623 4338 woefflin
639 4281 658 4336 l.
672 4283 741 4336 c.82.
