3367 5184
772 618 993 683 „63-

321 801 509 878 varietates}
533 801 703 883 praeterea
715 795 852 878 Velleio,
876 797 931 881 qui
951 797 1049 860 etiam
1069 796 1200 862 bravius
1216 818 1313 882 qnam
1329 797 1447 862 Florus

321 909 361 973 de
385 905 617 992 gladiatoribus
640 904 801 985 disseruit,
834 903 973 968 similem
996 910 1094 989 atqua
1116 905 1164 969 illi
1185 905 1284 970 fidem
1307 927 1366 970 nos
1389 905 1447 970 tri>-

321 1019 421 1082 buera
444 1011 672 1092 confitemurl)

413 1121 547 1186 Orosius
579 1125 679 1185 totam
713 1119 962 1204 descriptionem
994 1121 1150 1184 tumultus
1184 1120 1394 1205 lugitivorum
1429 1143 1447 1184 a

320 1229 416 1296 Livio
445 1228 635 1312 compilasse
663 1226 793 1291 videtur
819 1233 949 1312 praeter
977 1248 1077 1291 unum
1100 1228 1270 1307 flosculum
1295 1250 1376 1313 qno,
1411 1235 1447 1291 ut

322 1344 372 1403 ast
394 1337 518 1402 indoles
542 1334 720 1420 presbyteri
740 1334 977 1419 Hispaniensis,
1000 1336 1205 1421 paragrapho
1222 1336 1242 1400 3
1259 1337 1305 1400 sic
1321 1337 1446 1405 scribit:

326 1445 468 1528 ,scilicet
497 1444 551 1529 qui
581 1442 748 1528 spectandi
781 1442 911 1507 inerant
945 1443 1134 1528 spectaturi,
1167 1448 1279 1528 utpote
1310 1443 1447 1508 lanistae

322 1552 537 1638 gladiatorum
559 1550 666 1636 potius
690 1571 788 1634 qnam
813 1549 951 1613 militum
975 1548 1170 1634 principes“,
1195 1571 1258 1634 quo
1281 1550 1353 1614 loco
1369 1551 1447 1636 quin

322 1661 364 1726 ad
387 1660 468 1724 haec
491 1658 580 1722 Flori
604 1657 717 1722 verba:
750 1658 863 1742 „quasi
889 1657 986 1743 plane
1014 1658 1202 1742 expiaturus
1229 1678 1324 1722 omne
1354 1679 1448 1744 praa-

320 1768 452 1832 teritum
476 1765 627 1846 dedecus,
651 1764 678 1829 si
702 1765 742 1829 de
765 1765 1172 1850 gladiatoremunararins
1195 1764 1329 1831 tuissat“
1355 1787 1447 1851 spac-

322 1874 449 1956 taverit,
466 1895 504 1939 ao
520 1873 627 1938 minus
644 1873 784 1938 dubitari
799 1879 914 1958 potest,
932 1873 1020 1952 quod
1036 1873 1189 1938 Orosium
1204 1873 1297 1938 Livio
1313 1874 1447 1938 remisso

323 1980 490 2048 brevitatis
515 1999 613 2046 causa
633 2001 651 2046 a
674 1979 772 2045 Floro
797 1987 829 2044 at
852 2002 892 2044 ex
914 1980 1071 2066 llutropio
1094 1981 1251 2046 nonnulla
1273 1982 1449 2065 sumpsisse

323 2090 495 2156 Udalricus
528 2089 671 2154 Kochler
706 2089 725 2152 l.
749 2109 775 2152 c.
796 2109 827 2173 p.
846 2091 888 2154 45
913 2089 1093 2154 luculenter
1127 2089 1368 2153 demonstravit.
1405 2123 1447 2134 -

323 2198 386 2263 Sed
415 2199 647 2282 vituperamus,
672 2196 757 2280 quod
782 2195 912 2260 Livium
939 2197 1009 2260 sina
1036 2196 1205 2281 diligentia
1234 2196 1369 2260 Orosius
1393 2217 1448 2259 ax-

324 2304 466 2390 srripsit3
483 2326 558 2370 nam
575 2302 751 2368 0.0assius
767 2303 940 2388 proconsul
956 2301 1082 2367 Galliae
1095 2324 1224 2388 pugnae
1236 2302 1276 2367 ad
1289 2301 1447 2366 Mutinam

324 2412 515 2477 commissae
532 2410 719 2496 supervixit,
735 2411 815 2474 vixit
831 2411 929 2474 etiam
945 2431 1030 2474 anno
1048 2411 1090 2473 66
1108 2410 1314 2493 „integritate
1330 2410 1448 2472 virtute

325 2520 506 2584 constantia
529 2517 717 2603 singulari“.
748 2516 828 2594 (Oia.
846 2517 886 2581 da
909 2518 986 2602 imp.
1005 2515 1062 2582 On.
1081 2517 1194 2602 Pomp.
1212 2516 1231 2598 ᾗ
1249 2515 1318 2599 68.)

412 2626 580 2691 Postremo
615 2626 642 2690 si
677 2623 837 2710 periochis
861 2625 1016 2709 Eutropio
1041 2624 1164 2689 Velleio
1189 2625 1305 2689 Oresio
1330 2625 1450 2688 selecta

324 2735 433 2819 capita
467 2732 615 2798 Frontini
648 2738 900 2816 stratagematon
940 2736 969 2812 l,
993 2733 1024 2813 5,
1047 2733 1090 2796 20
1113 2737 1146 2794 et
1169 2734 1223 2811 213
1244 2735 1275 2813 2,
1297 2733 1328 2814 5,
1351 2730 1394 2795 34
1417 2738 1450 2794 at

323 2840 464 2928 Appiani
487 2838 645 2908 bellorum
670 2841 813 2905 civilium
836 2840 911 2904 libri
930 2840 1026 2925 primi
1047 2861 1065 2904 a
1090 2840 1248 2924 capitibus
1274 2839 1448 2904 lla-119

323 2971 363 3014 aa
398 2969 481 3034 qnae
515 2968 573 3012 sue
605 2947 677 3011 loco
701 2948 923 3032 separavimus
953 2947 1124 3028 adieceris,
1165 2947 1274 3011 omnia
1304 2947 1448 3024 habebis,

321 3077 407 3142 quae
424 3057 465 3120 de
481 3055 628 3140 Spartaci
643 3055 727 3120 ballo
745 3077 762 3119 a
778 3055 871 3120 Livio
888 3055 1058 3120 annalibus
1074 3077 1159 3119 nunc
1180 3056 1245 3118 iani
1266 3059 1449 3140 supersunt.

323 3305 325 3311 Α
413 3250 524 3316 Rebus
552 3225 614 3316 hoc
643 3251 738 3316 modo
763 3253 923 3336 congestis
939 3251 993 3352 'ad
1018 3251 1208 3316 affinitatem
1236 3251 1375 3314 fontium
1395 3272 1449 3315 co-

323 3359 542 3444 gnoscendam
576 3365 641 3423 tres
672 3359 877 3443 quaestiones
909 3359 1077 3424 instituere
1108 3359 1187 3423 utile
1210 3364 1273 3422 est:
1309 3356 1449 3442 primum

323 3468 422 3544 enim,
454 3467 486 3531 id
515 3467 600 3551 quod
625 3472 757 3551 propter
779 3467 944 3551 singulare
975 3467 1023 3531 rei
1045 3472 1255 3546 momentum,
1280 3465 1366 3550 qnod
1389 3465 1448 3529 viri

416 3626 442 3693 1)
463 3624 541 3692 Quae
567 3625 646 3695 apud
664 3625 810 3681 Velleium
831 3626 846 3693 §
866 3630 882 3681 5
908 3626 1059 3695 leguntur:
1099 3639 1255 3688 „numerus
1281 3624 1448 3679 intantum

328 3715 468 3784 adulavit,
482 3717 515 3770 ut
528 3730 586 3786 qua
598 3715 703 3770 ultima
717 3715 896 3771 dimicavere
910 3716 973 3771 acic
986 3715 1034 3770 XL
1047 3715 1139 3770 AOGG
1151 3715 1303 3770 hominum
1318 3714 1449 3769 Romano

322 3803 469 3861 exercitui
482 3804 697 3876 opposuerint“.
716 3805 867 3861 emendari
880 3807 1037 3876 nequeunt.
1069 3804 1160 3860 Notas
1173 3804 1356 3860 numerarius
1369 3803 1450 3860 haud

325 3909 391 3950 raro
411 3895 454 3950 sic
474 3899 626 3965 corruptas
646 3911 711 3952 assa
735 3898 769 3951 ut
788 3896 964 3951 vocabulum
985 3895 1033 3950 Aa
1051 3894 1150 3964 quoda
1168 3893 1286 3949 mmodo
1311 3895 1450 3950 existerat

326 3985 405 4038 inter
429 3999 530 4039 omnes
554 3988 681 4050 constat;
714 3985 750 4040 cf.
765 3985 822 4040 Cic.
842 3984 879 4039 de
898 4000 958 4054 rep.
972 3987 997 4052 2,
1011 3985 1054 4052 20,
1071 3984 1119 4050 863
1151 3983 1178 4039 si
1204 3983 1284 4053 apud
1305 3983 1449 4040 Velleium

326 4073 406 4128 idem
425 4073 564 4129 mendum
582 4075 710 4144 irrepsit,
736 4074 784 4130 XL
805 4075 888 4130 milia
906 4073 998 4130 Daca
1015 4073 1172 4143 legendum
1194 4075 1252 4142 est,
1270 4088 1449 4144 quamquam

331 4161 516 4232 ,hominum“
537 4162 686 4220 adiectum
706 4164 855 4232 videmus3
879 4165 932 4220 sed
950 4165 1001 4221 hic
1019 4179 1159 4220 numerus
1178 4166 1208 4219 et
1226 4179 1244 4219 a
1262 4163 1402 4220 Sallustio
1422 4165 1451 4220 at

325 4267 345 4310 a
365 4251 447 4306 Livio
467 4254 495 4308 et
514 4252 551 4309 ab
572 4252 705 4322 Appiano
725 4253 848 4309 mirifice
867 4254 1014 4311 abhorret.
